% Encoding: UTF-8

@misc{ExampleWebsite,
  author    = {idk},
  title     = {hmmm},
  note      = {\url{http://example.org/}},
  urldate   = {2018-01-01}
}

@book{olson2014ways,
  title              = {Ways of Knowing in HCI},
  author             = {Olson, Judith S and Kellogg, Wendy A},
  year               = {2014},
  publisher          = {Springer},
}
@inproceedings{uberAlgorithm,
  author             = {Lee, Min Kyung and Kusbit, Daniel and Metsky, Evan and Dabbish, Laura},
  title              = {Working with Machines: The Impact of Algorithmic and Data--Driven Management on Human Workers},
  booktitle          = {Proceedings of the 33rd Annual ACM Conference on Human Factors in Computing Systems},
  series             = {CHI '15},
  year               = {2015},
  isbn               = {978--1-4503--3145--6},
  pages              = {1603--1612},
  numpages           = {10},
  url                = {http://doi.acm.org/10.1145/2702123.2702548},
  doi                = {10.1145/2702123.2702548},
  acmid              = {2702548},
  publisher          = {ACM},
  keywords           = {algorithm,
                        algorithmic management,
                        cscw,
                        data--driven metrics,
                        dynamic pricing,
                        human--centered algorithms,
                        intelligent systems,
                        on--demand work,
                        performance evaluation,
                        sensemaking,
                        sharing economies,
                        work assignment},
}
@inproceedings{DillahuntPromise,
  author             = {Dillahunt, Tawanna R. and Malone, Amelia R.},
  title              = {The Promise of the Sharing Economy Among Disadvantaged Communities},
  booktitle          = {Proceedings of the 33rd Annual ACM Conference on Human Factors in Computing Systems},
  series             = {CHI '15},
  year               = {2015},
  isbn               = {978--1-4503--3145--6},
  pages              = {2285--2294},
  numpages           = {10},
  url                = {http://doi.acm.org/10.1145/2702123.2702189},
  doi                = {10.1145/2702123.2702189},
  acmid              = {2702189},
  publisher          = {ACM},
  keywords           = {airbnb, lyft, marginalized populations, neighborgoods, sharing economy, sustainability, taskrabbit, unemployment},
}
@inproceedings{turkopticon,
  author             = {Irani, Lilly C. and Silberman, M. Six},
  title              = {Turkopticon: Interrupting Worker Invisibility in Amazon Mechanical Turk},
  booktitle          = {Proceedings of the SIGCHI Conference on Human Factors in Computing Systems},
  series             = {CHI '13},
  year               = {2013},
  isbn               = {978--1-4503--1899--0},
  pages              = {611--620},
  numpages           = {10},
  url                = {http://doi.acm.org/10.1145/2470654.2470742},
  doi                = {10.1145/2470654.2470742},
  acmid              = {2470742},
  publisher          = {ACM},
  keywords           = {activism, amazon mechanical turk, design, ethics, human computation, infrastructure},
}
@inproceedings{dynamo,
  author             = {Salehi, Niloufar and
                        Irani, Lilly C. and
                        Bernstein, Michael S. and
                        Alkhatib, Ali and
                        Ogbe, Eva and
                        Milland, Kristy and
                        Clickhappier},
  title              = {We Are Dynamo: Overcoming Stalling and Friction in Collective Action for Crowd Workers},
  booktitle          = {Proceedings of the 33rd Annual ACM Conference on Human Factors in Computing Systems},
  series             = {CHI '15},
  year               = {2015},
  isbn               = {978--1-4503--3145--6},
  pages              = {1621--1630},
  numpages           = {10},
  url                = {http://doi.acm.org/10.1145/2702123.2702508},
  doi                = {10.1145/2702123.2702508},
  acmid              = {2702508},
  publisher          = {ACM},
  keywords           = {activism, amazon mechanical turk, collective action, design, human computation, infrastructure},
}
@article{GreatTransformation,
  title              = {The great transformation},
  author             = {Polyani, Karl},
  journal            = {New York: Rinehart},
  year               = {1944},
}
@book{geertz1988works,
  title              = {Works and lives: The anthropologist as author},
  author             = {Geertz, Clifford},
  year               = {1988},
  publisher          = {Stanford University Press},
}
@book{marcus1999anthropology,
  title              = {Anthropology as cultural critique: An experimental moment in the human sciences},
  author             = {Marcus, George E and Fischer, Michael MJ},
  year               = {1999},
  publisher          = {University of Chicago Press},
}
@article{ackerman2000intellectual,
  title              = {The intellectual challenge of CSCW: the gap between social requirements and technical feasibility},
  author             = {Ackerman, Mark S},
  journal            = {Human--Computer Interaction},
  volume             = {15},
  number             = {2--3},
  pages              = {179--203},
  year               = {2000},
  publisher          = {Taylor \& Francis},
}
@inproceedings{Ross,
  author             = {Ross, Joel and Irani, Lilly and Silberman, M. Six and Zaldivar, Andrew and Tomlinson, Bill},
  title              = {Who Are the Crowdworkers?: Shifting Demographics in Mechanical Turk},
  booktitle          = {CHI '10 Extended Abstracts on Human Factors in Computing Systems},
  series             = {CHI EA '10},
  year               = {2010},
  isbn               = {978--1-60558--930--5},
  pages              = {2863--2872},
  numpages           = {10},
  url                = {http://doi.acm.org/10.1145/1753846.1753873},
  doi                = {10.1145/1753846.1753873},
  acmid              = {1753873},
  publisher          = {ACM},
  keywords           = {crowdsourcing, demographics, human computation, mechanical turk, user surveys},
}
@article{Alek2011,
  title              = {Working the Crowd: Employment and Labor Law in the Crowdsourcing Industry},
  author             = {Felstiner, Alek},
  journal            = {Berkeley Journal of Employment and Labor Law},
  volume             = {32},
  number             = {1},
  pages              = {pp. 143--203},
  url                = {http://www.jstor.org/stable/24052509},
  ISSN               = {10677666},
  language           = {English},
  year               = {2011},
  publisher          = {University of California, Berkeley, School of Law},
  copyright          = {Copyright Â© 2011 University of California, Berkeley},
}
@book{russell1982collective,
  title              = {Collective action},
  author             = {Russell Hardin},
  year               = {1982},
  publisher          = {Resources for the Future},
}
@book{olsonlogic,
  title              = {Logic of collective action public goods and the theory of groups Rev. ed..},
  author             = {Olson, Mancur},
  year               = {1965},
}
@inproceedings{catalyst,
  author             = {Cheng, Justin and Bernstein, Michael},
  title              = {Catalyst: Triggering Collective Action with Thresholds},
  booktitle          = {Proceedings of the 17th ACM Conference on Computer Supported Cooperative Work \& Social Computing},
  series             = {CSCW '14},
  year               = {2014},
  isbn               = {978--1-4503--2540--0},
  pages              = {1211--1221},
  numpages           = {11},
  url                = {http://doi.acm.org/10.1145/2531602.2531635},
  doi                = {10.1145/2531602.2531635},
  acmid              = {2531635},
  publisher          = {ACM},
  keywords           = {activation thresholds, collective action, critical mass},
}
@inproceedings{foundry,
  author             = {Retelny, Daniela and
                        Robaszkiewicz, S{\'e}bastien and
                        To, Alexandra and
                        Lasecki, Walter S. and
                        Patel, Jay and
                        Rahmati, Negar and
                        Doshi, Tulsee and
                        Valentine, Melissa and
                        Bernstein, Michael S.},
  title              = {Expert Crowdsourcing with Flash Teams},
  booktitle          = {Proceedings of the 27th Annual ACM Symposium on User Interface Software and Technology},
  series             = {UIST '14},
  year               = {2014},
  isbn               = {978--1-4503--3069--5},
  pages              = {75--85},
  numpages           = {11},
  url                = {http://doi.acm.org/10.1145/2642918.2647409},
  doi                = {10.1145/2642918.2647409},
  acmid              = {2647409},
  publisher          = {ACM},
  keywords           = {crowdsourcing, expert crowd work, flash teams},
}
@article{Hirsch:2009:FLA:1516016.1516024,
  author             = {Hirsch, Tad},
  title              = {FEATURE: Learning from Activists: Lessons for Designers},
  journal            = {interactions},
  issuedate          = {May + June 2009},
  volume             = {16},
  number             = {3},
  month              = {5},
  year               = {2009},
  issn               = {1072--5520},
  pages              = {31--33},
  numpages           = {3},
  url                = {http://doi.acm.org/10.1145/1516016.1516024},
  doi                = {10.1145/1516016.1516024},
  acmid              = {1516024},
  publisher          = {ACM},
}
@article{Nov:2007:MW:1297797.1297798,
  author             = {Nov, Oded},
  title              = {What Motivates Wikipedians?},
  journal            = {Commun. ACM},
  issuedate          = {November 2007},
  volume             = {50},
  number             = {11},
  month              = {11},
  year               = {2007},
  issn               = {0001--0782},
  pages              = {60--64},
  numpages           = {5},
  url                = {http://doi.acm.org/10.1145/1297797.1297798},
  doi                = {10.1145/1297797.1297798},
  acmid              = {1297798},
  publisher          = {ACM},
}
@article{whyWikipedians,
  author             = { Joachim   Schroer  and  Guido   Hertel },
  title              = {Voluntary Engagement in an Open Web--Based Encyclopedia: Wikipedians and Why They Do It},
  journal            = {Media Psychology},
  volume             = {12},
  number             = {1},
  pages              = {96--120},
  year               = {2009},
  doi                = {10.1080/15213260802669466},
}
@inproceedings{wikipediansBornNotMade,
  author             = {Panciera, Katherine and Halfaker, Aaron and Terveen, Loren},
  title              = {Wikipedians Are Born, Not Made: A Study of Power Editors on Wikipedia},
  booktitle          = {Proceedings of the ACM 2009 International Conference on Supporting Group Work},
  series             = {GROUP '09},
  year               = {2009},
  isbn               = {978--1-60558--500--0},
  pages              = {51--60},
  numpages           = {10},
  url                = {http://doi.acm.org/10.1145/1531674.1531682},
  doi                = {10.1145/1531674.1531682},
  acmid              = {1531682},
  publisher          = {ACM},
  keywords           = {Wikipedia, collaboration, contribution, power editors, wiki},
}
@book{boellstorff2008coming,
  title              = {Coming of age in Second Life: An anthropologist explores the virtually human},
  author             = {Boellstorff, Tom},
  year               = {2008},
  publisher          = {Princeton University Press},
}
@book{boellstorff2012ethnography,
  title              = {Ethnography and virtual worlds: A handbook of method},
  author             = {Boellstorff, Tom and Nardi, Bonnie and Pearce, Celia},
  year               = {2012},
  publisher          = {Princeton University Press},
}
@inproceedings{Bellotti:2014:TCS:2611247.2557061,
  author             = {Bellotti, Victoria M.E. and
                        Cambridge, Sara and
                        Hoy, Karen and
                        Shih, Patrick C. and
                        Handalian, Lisa Renery and
                        Han, Kyungsik and
                        Carroll, John M.},
  title              = {Towards Community--centered Support for Peer--to--peer Service Exchange: Rethinking the Timebanking Metaphor},
  booktitle          = {Proceedings of the 32Nd Annual ACM Conference on Human Factors in Computing Systems},
  series             = {CHI '14},
  year               = {2014},
  isbn               = {978--1-4503--2473--1},
  pages              = {2975--2984},
  numpages           = {10},
  url                = {http://doi.acm.org/10.1145/2556288.2557061},
  doi                = {10.1145/2556288.2557061},
  acmid              = {2557061},
  publisher          = {ACM},
  keywords           = {field study, timebanking, user experience design},
}
@inproceedings{Goecks:2008:CTO:1460563.1460669,
  author             = {Goecks, Jeremy and Voida, Amy and Voida, Stephen and Mynatt, Elizabeth D.},
  title              = {Charitable Technologies: Opportunities for Collaborative Computing in Nonprofit Fundraising},
  booktitle          = {Proceedings of the 2008 ACM Conference on Computer Supported Cooperative Work},
  series             = {CSCW '08},
  year               = {2008},
  isbn               = {978--1-60558--007--4},
  pages              = {689--698},
  numpages           = {10},
  url                = {http://doi.acm.org/10.1145/1460563.1460669},
  doi                = {10.1145/1460563.1460669},
  acmid              = {1460669},
  publisher          = {ACM},
  keywords           = {charitable technologies, charity, fundraising, nonprofit},
}
@inproceedings{Althoff:2015:DRO:2736277.2741120,
  author             = {Althoff, Tim and Leskovec, Jure},
  title              = {Donor Retention in Online Crowdfunding Communities: A Case Study of DonorsChoose.Org},
  booktitle          = {Proceedings of the 24th International Conference on World Wide Web},
  series             = {WWW '15},
  year               = {2015},
  isbn               = {978--1-4503--3469--3},
  pages              = {34--44},
  numpages           = {11},
  url                = {http://dl.acm.org/citation.cfm?id=2736277.2741120},
  acmid              = {2741120},
  publisher          = {International World Wide Web Conferences Steering Committee},
  keywords           = {crowdfunding., donor retention, user retention},
}
@inproceedings{Thebault--Spieker:2015:ASS:2675133.2675278,
  author             = {Thebault--Spieker, Jacob and Terveen, Loren G. and Hecht, Brent},
  title              = {Avoiding the South Side and the Suburbs: The Geography of Mobile Crowdsourcing Markets},
  booktitle          = {Proceedings of the 18th ACM Conference on Computer Supported Cooperative Work \& Social Computing},
  series             = {CSCW '15},
  year               = {2015},
  isbn               = {978--1-4503--2922--4},
  pages              = {265--275},
  numpages           = {11},
  url                = {http://doi.acm.org/10.1145/2675133.2675278},
  doi                = {10.1145/2675133.2675278},
  acmid              = {2675278},
  publisher          = {ACM},
  keywords           = {mobile crowdsourcing, volunteered geographic information},
}
@inproceedings{Alt:2010:LCE:1868914.1868921,
  author             = {Alt, Florian and Shirazi, Alireza Sahami and Schmidt, Albrecht and Kramer, Urs and Nawaz, Zahid},
  booktitle          = {Proceedings of the 6th Nordic Conference on Human--Computer Interaction: Extending Boundaries},
  series             = {NordiCHI '10},
  year               = {2010},
  isbn               = {978--1-60558--934--3},
  pages              = {13--22},
  numpages           = {10},
  url                = {http://doi.acm.org/10.1145/1868914.1868921},
  doi                = {10.1145/1868914.1868921},
  acmid              = {1868921},
  publisher          = {ACM},
}
@inproceedings{crowdworkFuture,
  author             = {Kittur, Aniket and
                        Nickerson, Jeffrey V. and
                        Bernstein, Michael and
                        Gerber, Elizabeth and
                        Shaw, Aaron and
                        Zimmerman, John and
                        Lease, Matt and
                        Horton, John},
  title              = {The Future of Crowd Work},
  booktitle          = {Proceedings of the 2013 Conference on Computer Supported Cooperative Work},
  series             = {CSCW '13},
  year               = {2013},
  isbn               = {978--1-4503--1331--5},
  pages              = {1301--1318},
  numpages           = {18},
  url                = {http://doi.acm.org/10.1145/2441776.2441923},
  doi                = {10.1145/2441776.2441923},
  acmid              = {2441923},
  publisher          = {ACM},
  keywords           = {crowd work, crowdsourcing, organization design, research vision},
}
@inproceedings{numericCritique,
  author             = {Hicks, Catherine M. and Fraser, C. Ailie and Desai, Purvi and Klemmer, Scott},
  title              = {Do Numeric Ratings Impact Peer Reviewers?},
  booktitle          = {Proceedings of the Second (2015) ACM Conference on Learning @ Scale},
  series             = {L@S '15},
  year               = {2015},
  isbn               = {978--1-4503--3411--2},
  pages              = {359--362},
  numpages           = {4},
  url                = {http://doi.acm.org/10.1145/2724660.2728693},
  doi                = {10.1145/2724660.2728693},
  acmid              = {2728693},
  publisher          = {ACM},
  keywords           = {online learning, peer assessment, peer review, writing},
}
@article{ebayRatings,
  title              = {Reputation and e--commerce: eBay auctions and the asymmetrical impact of positive and negative ratings},
  author             = {Standifird, Stephen S},
  journal            = {Journal of Management},
  volume             = {27},
  number             = {3},
  pages              = {279--295},
  year               = {2001},
  publisher          = {Sage Publications},
}
@misc{whoareNOTtheTurkers,
  author             = {Silberman, Six},
  title              = {Stop citing Ross et al. 2010, ``Who are the crowdworkers?"},
  month              = {3},
  year               = {2015},
  url                = {https://medium.com/@silberman/stop-citing-ross-et-al-2010-who-are-the-crowdworkers-b3b9b1e8d300},
}
@misc{leakedUber,
  author             = {Cook, James},
  title              = {Uber's internal charts show how its driver--rating system actually works},
  editor             = {Business Insider},
  month              = {2},
  year               = {2015},
  url                = {http://www.businessinsider.com/leaked-charts-show-how-ubers-driver-rating-system-works-2015-2},
}
@misc{uberOfficial,
  title              = {Uber},
  url                = {https://www.uber.com/},
  month              = {9},
  year               = {2015},
}
@misc{lyftOfficial,
  title              = {A ride whenever you need one ---- Lyft},
  url                = {https://www.lyft.com/},
  month              = {9},
  year               = {2015},
}
@misc{airbnbOfficial,
  title              = {Vacation Rentals, Homes, Apartments \& Rooms for Rent ---- Airbnb},
  url                = {https://www.airbnb.com/},
  month              = {9},
  year               = {2015},
}
@misc{couchsurfingOfficial,
  title              = {Stay With Locals \& Make Travel Friends ---- Couchsurfing},
  url                = {https://www.couchsurfing.com/},
  month              = {9},
  year               = {2015},
}
@misc{taskrabbitOfficial,
  title              = {TaskRabbit connects you to safe and reliable help in your neighborhood},
  url                = {https://www.taskrabbit.com/},
  month              = {9},
  year               = {2015},
}
@misc{zaarlyOfficial,
  title              = {House Cleaning, Handyman, Lawn Care Services in Austin, Denver, Kansas City, Minneapolis and San Francisco ---- Zaarly},
  url                = {https://www.zaarly.com/},
  month              = {9},
  year               = {2015},
}
@misc{fedsUber,
  author             = {Farivar, Cyrus},
  title              = {Watch out sharing economy, the feds are watching this whole contractor thing},
  month              = {7},
  year               = {2015},
  url                = {http://arstechnica.com/tech-policy/2015/07/watch-out-sharing-economy-the-feds-are-watching-this-whole-contractor-thing/},
}
@misc{homejoySuit,
  author             = {Huet, Ellen},
  title              = {Homejoy Shuts Down, Citing Worker Misclassification Lawsuits},
  month              = {7},
  year               = {2015},
  url                = {http://www.forbes.com/sites/ellenhuet/2015/07/17/cleaning-startup-homejoy-shuts-down-citing-worker-misclassification-lawsuits/},
}
@misc{uberSuit,
  author             = {Geuss, Megan},
  title              = {Uber drivers are employees, California Labor Commission ruling suggests},
  month              = {6},
  year               = {2015},
  url                = {http://arstechnica.com/business/2015/06/uber-drivers-are-employees-california-labor-commission-rules/},
}
@inproceedings{taskSearch,
  author             = {Chilton, Lydia B. and Horton, John J. and Miller, Robert C. and Azenkot, Shiri},
  title              = {Task Search in a Human Computation Market},
  booktitle          = {Proceedings of the ACM SIGKDD Workshop on Human Computation},
  series             = {HCOMP '10},
  year               = {2010},
  isbn               = {978--1-4503--0222--7},
  pages              = {1--9},
  numpages           = {9},
  url                = {http://doi.acm.org/10.1145/1837885.1837889},
  doi                = {10.1145/1837885.1837889},
  acmid              = {1837889},
  publisher          = {ACM},
  keywords           = {Amazon Mechanical Turk, crowdsourcing, experimentation, human computation, search},
}
@book{successfulOnlineCommunities,
  author             = {Kraut, Robert E. and
                        Resnick, Paul and
                        Kiesler, Sara and
                        Ren, Yuqing and
                        Chen, Yan and
                        Burke, Moira and
                        Kittur, Niki and
                        Riedl, John and
                        Konstan, Joseph},
  title              = {Building Successful Online Communities: Evidence--Based Social Design},
  year               = {2012},
  isbn               = {0262016575, 9780262016575},
  publisher          = {The MIT Press},
}
@article{lave1998communities,
  title              = {Communities of practice},
  author             = {Lave, Jean and Wenger, Etienne},
  journal            = {Retrieved June},
  volume             = {9},
  pages              = {2008},
  year               = {1998},
}
@article{socialloafing,
  title              = {Social loafing in technology--supported teams},
  author             = {Suleiman, James and Watson, Richard T},
  journal            = {Computer Supported Cooperative Work (CSCW)},
  volume             = {17},
  number             = {4},
  pages              = {291--309},
  year               = {2008},
  publisher          = {Springer},
}
@book{miller2011understanding,
  title              = {Understanding digital culture},
  author             = {Miller, Vincent},
  year               = {2011},
  publisher          = {Sage Publications},
}
@book{deleuze1988thousand,
  title              = {A thousand plateaus: Capitalism and schizophrenia},
  author             = {Deleuze, Gilles and Guattari, F{\'e}lix},
  year               = {1988},
  publisher          = {Bloomsbury Publishing},
}
@book{bell2006introduction,
  title              = {An introduction to cybercultures},
  author             = {Bell, David},
  year               = {2006},
  publisher          = {Routledge},
}
@article{buchanan2007deleuze,
  title              = {Deleuze and the internet},
  author             = {Buchanan, Ian},
  year               = {2007},
  publisher          = {Australian Humanities Review},
}
@article{hamman1996rhizome,
  title              = {Rhizome@ Internet: using the Internet as an example of Deleuze and Guattari's ``Rhizome"},
  author             = {Hamman, Robin B},
  journal            = {Retrieved May},
  volume             = {24},
  pages              = {2007},
  year               = {1996},
}
@book{hess2008reconsidering,
  title              = {Reconsidering the rhizome: A textual analysis of web search engines as gatekeepers of the internet},
  author             = {Hess, Aaron},
  year               = {2008},
  publisher          = {Springer},
}
@book{stivale1998two,
  title              = {The two--fold thought of Deleuze and Guattari: Intersections and animations},
  author             = {Stivale, Charles J},
  year               = {1998},
  publisher          = {Guilford Press},
}
@book{wise1997exploring,
  title              = {Exploring technology and social space},
  author             = {Wise, John MacGregor},
  volume             = {1},
  year               = {1997},
  publisher          = {Sage Publications},
}
@book{toyama2015geek,
  title              = {Geek Heresy: Rescuing Social Change from the Cult of Technology},
  author             = {Toyama, Kentaro},
  year               = {2015},
  publisher          = {PublicAffairs},
}
@article{olson2000distance,
  title              = {Distance matters},
  author             = {Olson, Gary M and Olson, Judith S},
  journal            = {Human--computer interaction},
  volume             = {15},
  number             = {2},
  pages              = {139--178},
  year               = {2000},
  publisher          = {L. Erlbaum Associates Inc.},
}
@misc{internetORG,
  author             = {Facebook},
  title              = {Internet.org},
  month              = {10},
  year               = {2015},
  url                = {http://internet.org},
}
@inproceedings{postcolonialComputing,
  author             = {Irani, Lilly and Vertesi, Janet and Dourish, Paul and Philip, Kavita and Grinter, Rebecca E.},
  title              = {Postcolonial Computing: A Lens on Design and Development},
  booktitle          = {Proceedings of the SIGCHI Conference on Human Factors in Computing Systems},
  series             = {CHI '10},
  year               = {2010},
  isbn               = {978--1-60558--929--9},
  pages              = {1311--1320},
  numpages           = {10},
  url                = {http://doi.acm.org/10.1145/1753326.1753522},
  doi                = {10.1145/1753326.1753522},
  acmid              = {1753522},
  publisher          = {ACM},
  keywords           = {culture, design methods, ict4d, postcolonial theory, sts},
}
@book{ito2009hanging,
  title              = {Hanging out, messing around, and geeking out: Kids living and learning with new media},
  author             = {Ito, Mizuko and
                        Antin, Judd and
                        Finn, Megan and
                        Law, Arthur and
                        Manion, Annie and
                        Mitnick, Sarai and
                        Schlossberg, David and
                        Yardi, Sarita and
                        Horst, Heather A},
  year               = {2009},
  publisher          = {MIT press},
}
@article{ito2005technosocial,
  title              = {Technosocial situations: Emergent structurings of mobile email use},
  author             = {Ito, Mizuko and Okabe, Daisuke},
  journal            = {Personal, portable, pedestrian: Mobile phones in Japanese life},
  pages              = {257--273},
  year               = {2005},
  publisher          = {Cambridge: MIT Press},
}
@article{ito2010mobilizing,
  title              = {Mobilizing the imagination in everyday play: The case of Japanese media mixes},
  author             = {Ito, Mizuko},
  journal            = {Mashup cultures},
  pages              = {79--97},
  year               = {2010},
  publisher          = {Springer Vienna},
}
@book{earl2011digitally,
  title              = {Digitally enabled social change: Activism in the internet age},
  author             = {Earl, Jennifer and Kimport, Katrina},
  year               = {2011},
  publisher          = {Mit Press},
}
@book{shirky2010cognitive,
  title              = {Cognitive surplus: Creativity and generosity in a connected age},
  author             = {Shirky, Clay},
  year               = {2010},
  publisher          = {Penguin UK},
}
@article{redballoon,
  author             = {Tang, John C. and
                        Cebrian, Manuel and
                        Giacobe, Nicklaus A. and
                        Kim, Hyun--Woo and
                        Kim, Taemie and
                        Wickert, Douglas ``Beaker"},
  title              = {Reflecting on the DARPA Red Balloon Challenge},
  journal            = {Commun. ACM},
  issuedate          = {April 2011},
  volume             = {54},
  number             = {4},
  month              = {4},
  year               = {2011},
  issn               = {0001--0782},
  pages              = {78--85},
  numpages           = {8},
  url                = {http://doi.acm.org/10.1145/1924421.1924441},
  doi                = {10.1145/1924421.1924441},
  acmid              = {1924441},
  publisher          = {ACM},
}
@book{brabham2013crowdsourcing,
  title              = {Crowdsourcing},
  author             = {Brabham, Daren C},
  year               = {2013},
  publisher          = {Mit Press},
}
@book{goldsmith2006controls,
  title              = {Who controls the Internet?: illusions of a borderless world},
  author             = {Goldsmith, Jack L and Wu, Tim},
  volume             = {89},
  year               = {2006},
  publisher          = {Oxford University Press New York},
}
@article{mcpherson2001birds,
  title              = {Birds of a feather: Homophily in social networks},
  author             = {McPherson, Miller and Smith--Lovin, Lynn and Cook, James M},
  journal            = {Annual review of sociology},
  pages              = {415--444},
  year               = {2001},
  publisher          = {JSTOR},
}
@article{takhteyev2012geography,
  title              = {Geography of Twitter networks},
  author             = {Takhteyev, Yuri and Gruzd, Anatoliy and Wellman, Barry},
  journal            = {Social networks},
  volume             = {34},
  number             = {1},
  pages              = {73--81},
  year               = {2012},
  publisher          = {Elsevier},
}
@inproceedings{londonbus,
  author             = {Pritchard, Gary and Vines, John and Briggs, Pam and Thomas, Lisa and Olivier, Patrick},
  booktitle          = {Proceedings of the 32Nd Annual ACM Conference on Human Factors in Computing Systems},
  series             = {CHI '14},
  year               = {2014},
  isbn               = {978--1-4503--2473--1},
  pages              = {3617--3626},
  numpages           = {10},
  url                = {http://doi.acm.org/10.1145/2556288.2557156},
  doi                = {10.1145/2556288.2557156},
  acmid              = {2557156},
  publisher          = {ACM},
}
@misc{uberRiots,
  author             = {Romain Dillet},
  title              = {French Anti--Uber Protest Turns To Guerrilla Warfare As Cabbies Burn Cars, Attack Uber Drivers},
  month              = {6},
  year               = {2015},
  url                = {https://techcrunch.com/2015/06/25/french-anti-uber-protest-turns-to-guerrilla-warfare-as-cabbies-burn-cars-attack-uber-drivers/},
}
@misc{fixingChaos,
  author             = {Mary Gray},
  title              = {Fixing the Chaotic Crowdworker Economy},
  month              = {8},
  year               = {2015},
  url                = {http://www.bloombergview.com/articles/2015-08-12/fixing-the-chaotic-crowdworker-economy},
}
@book{shirky2008here,
  title              = {Here comes everybody: The power of organizing without organizations},
  author             = {Shirky, Clay},
  year               = {2008},
  publisher          = {Penguin},
}
@article{akerlof1970market,
  title              = {The market for" lemons": Quality uncertainty and the market mechanism},
  author             = {Akerlof, George A},
  journal            = {The quarterly journal of economics},
  pages              = {488--500},
  year               = {1970},
  publisher          = {JSTOR},
}
@book{sennett2007culture,
  title              = {The culture of the new capitalism},
  author             = {Sennett, Richard},
  year               = {2007},
  publisher          = {Yale University Press},
}
@article{r2013regulation,
  title              = {Regulation Room: Getting âmore, betterâ civic participation in complex government policymaking},
  author             = {R. Farina, Cynthia and Epstein, Dmitry and B. Heidt, Josiah and J. Newhart, Mary},
  journal            = {Transforming Government: People, Process and Policy},
  volume             = {7},
  number             = {4},
  pages              = {501--516},
  year               = {2013},
  publisher          = {Emerald Group Publishing Limited},
}
@book{howe2008crowdsourcing,
  title              = {Crowdsourcing: How the power of the crowd is driving the future of business},
  author             = {Howe, Jeff},
  year               = {2008},
  publisher          = {Random House},
}
@article{dalton1961economic,
  title              = {Economic theory and primitive society},
  author             = {Dalton, George},
  journal            = {American Anthropologist},
  pages              = {1--25},
  year               = {1961},
  publisher          = {JSTOR},
}
@book{riisOtherSideLives,
  title              = {How the other half lives: Studies among the tenements of New York},
  author             = {Riis, Jacob August},
  year               = {1901},
  publisher          = {Penguin},
}
@book{polanyi1944great,
  title              = {The great transformation: The political and economic origins of our time},
  author             = {Polanyi, Karl},
  year               = {1944},
  publisher          = {Beacon Press},
}
@article{ebbinghaus1999institutions,
  title              = {When institutions matter: Union growth and decline in Western Europe, 1950---1995},
  author             = {Ebbinghaus, Bernhard and Visser, Jelle},
  journal            = {European Sociological Review},
  volume             = {15},
  number             = {2},
  pages              = {135--158},
  year               = {1999},
  publisher          = {Oxford Univ Press},
}
@article{hannan1987ecology,
  title              = {The ecology of organizational founding: American labor unions, 1836--1985},
  author             = {Hannan, Michael T and Freeman, John},
  journal            = {American Journal of Sociology},
  pages              = {910--943},
  year               = {1987},
  publisher          = {JSTOR},
}
@article{king2014reverse,
  title              = {Reverse--engineering censorship in China: Randomized experimentation and participant observation},
  author             = {King, Gary and Pan, Jennifer and Roberts, Margaret E},
  journal            = {Science},
  volume             = {345},
  number             = {6199},
  pages              = {1251722},
  year               = {2014},
  publisher          = {American Association for the Advancement of Science},
}
@article{king2013censorship,
  title              = {How censorship in China allows government criticism but silences collective expression},
  author             = {King, Gary and Pan, Jennifer and Roberts, Margaret E},
  journal            = {American Political Science Review},
  volume             = {107},
  number             = {02},
  pages              = {326--343},
  year               = {2013},
  publisher          = {Cambridge Univ Press},
}
@book{fung2013numbersense,
  title              = {Numbersense: How to Use Big Data to Your Advantage},
  author             = {Fung, K.},
  isbn               = {9780071799669},
  lccn               = {2013010961},
  url                = {https://books.google.com/books?id=h0Gls7TZe4wC},
  year               = {2013},
  publisher          = {McGraw--Hill Education},
}
@book{mayer2013big,
  title              = {Big data: A revolution that will transform how we live, work, and think},
  author             = {Mayer--Sch{\"o}nberger, Viktor and Cukier, Kenneth},
  year               = {2013},
  publisher          = {Houghton Mifflin Harcourt},
}
@misc{carrel2012quantified,
  title              = {The Quantified Traveler: Changing transport behavior with personalized travel data feedback},
  author             = {Carrel, Andre and Ekambaram, Venkatesan and Gaker, David and Sengupta, Raja and Walker, Joan L},
  year               = {2012},
}
@book{bowker2000sorting,
  title              = {Sorting things out: Classification and its consequences},
  author             = {Bowker, Geoffrey C and Star, Susan Leigh},
  year               = {2000},
  publisher          = {MIT press},
}
@inproceedings{li2011understanding,
  title              = {Understanding my data, myself: supporting self--reflection with ubicomp technologies},
  author             = {Li, Ian and Dey, Anind K and Forlizzi, Jodi},
  booktitle          = {Proceedings of the 13th international conference on Ubiquitous computing},
  pages              = {405--414},
  year               = {2011},
  organization       = {ACM},
}
@book{zittrain2008future,
  title              = {The future of the internet---and how to stop it},
  author             = {Zittrain, Jonathan},
  year               = {2008},
  publisher          = {Yale University Press},
}
@book{bell2009total,
  title              = {Total recall: How the e--memory revolution will change everything},
  author             = {Bell, C Gordon and Gemmell, Jim},
  year               = {2009},
  publisher          = {Dutton},
}
@book{lanier2014owns,
  title              = {Who owns the future?},
  author             = {Lanier, Jaron},
  year               = {2014},
  publisher          = {Simon and Schuster},
}
@book{citron2014hate,
  title              = {Hate crimes in cyberspace},
  author             = {Citron, Danielle Keats},
  year               = {2014},
  publisher          = {Harvard University Press},
}
@book{anderson2013internet,
  title              = {The Internet Police: How Crime Went Online, and the Cops Followed},
  author             = {Anderson, N.},
  isbn               = {9780393240542},
  url                = {https://books.google.com/books?id=hkiaw7-qiu8C},
  year               = {2013},
  publisher          = {W. W. Norton},
}
@book{costanza2014out,
  title              = {Out of the Shadows, Into the Streets!: Transmedia Organizing and the Immigrant Rights Movement},
  author             = {Costanza--Chock, S. and Castells, M.},
  isbn               = {9780262322812},
  url                = {https://books.google.com/books?id=PTgbBQAAQBAJ},
  year               = {2014},
  publisher          = {MIT Press},
}
@book{mayer2011delete,
  title              = {Delete: the virtue of forgetting in the digital age},
  author             = {Mayer--Sch{\"o}nberger, Viktor},
  year               = {2011},
  publisher          = {Princeton University Press},
}
@article{rosen2012right,
  title              = {The right to be forgotten},
  author             = {Rosen, Jeffrey},
  journal            = {Stanford law review online},
  volume             = {64},
  pages              = {88},
  year               = {2012},
}
@article{bennett2012right,
  title              = {Right to be forgotten: Reconciling eu and us perspectives, the},
  author             = {Bennett, Steven C},
  journal            = {Berkeley J. Int'l L.},
  volume             = {30},
  pages              = {161},
  year               = {2012},
  publisher          = {HeinOnline},
}
@book{foucault2009security,
  title              = {Security, Territory, Population: Lectures at the Coll{\`e}ge de France 1977---1978},
  author             = {Foucault, Michel and Senellart, Michel and Burchell, Graham and Ewald, Fran{\c{c}}ois and Fontana, Alessandro},
  volume             = {4},
  year               = {2009},
  publisher          = {Macmillan},
}
@misc{belgians,
  url                = {http://arstechnica.com/tech-policy/2015/11/facebook-must-stop-tracking-belgian-users-within-48-hours-or-be-fined-e250k-per-day/},
  title              = {Facebook must stop tracking Belgian users in two days or be fined {~\$267K} daily},
  month              = {11},
  year               = {2015},
}
@misc{barlow2009declaration,
  url                = {https://projects.eff.org/~barlow/Declaration-Final.html},
  title              = {A Declaration of the Independence of Cyberspace},
  author             = {Barlow, John Perry},
  year               = {1996},
  month              = {2},
}
@article{bodker1991cooperative,
  title              = {Cooperative prototyping: users and designers in mutual activity},
  author             = {B{\o}dker, Susanne and Gr{\o}nb{\ae}k, Kaj},
  journal            = {International Journal of Man--Machine Studies},
  volume             = {34},
  number             = {3},
  pages              = {453--478},
  year               = {1991},
  publisher          = {Elsevier},
}
@article{polletta2002freedom,
  title              = {Freedom is an endless meeting},
  author             = {Polletta, Francesca},
  journal            = {Democracy in American Social Movements, Chicago/London},
  year               = {2002},
}
@article{turner2005counterculture,
  title              = {Where the counterculture met the new economy: The WELL and the origins of virtual community},
  author             = {Turner, Fred},
  journal            = {Technology and Culture},
  volume             = {46},
  number             = {3},
  pages              = {485--512},
  year               = {2005},
  publisher          = {The Johns Hopkins University Press},
}
@article{raymond1999cathedral,
  title              = {The cathedral and the bazaar},
  author             = {Raymond, Eric},
  journal            = {Knowledge, Technology \& Policy},
  volume             = {12},
  number             = {3},
  pages              = {23--49},
  year               = {1999},
  publisher          = {Springer},
}
@inproceedings{horowitz2010anatomy,
  author             = {Horowitz, Damon and Kamvar, Sepandar D.},
  title              = {The Anatomy of a Large--scale Social Search Engine},
  booktitle          = {Proceedings of the 19th International Conference on World Wide Web},
  series             = {WWW '10},
  year               = {2010},
  isbn               = {978--1-60558--799--8},
  pages              = {431--440},
  numpages           = {10},
  url                = {http://doi.acm.org/10.1145/1772690.1772735},
  doi                = {10.1145/1772690.1772735},
  acmid              = {1772735},
  publisher          = {ACM},
  keywords           = {social search},
}
@inproceedings{bernstein20114chan,
  title              = {4chan and/b: An Analysis of Anonymity and Ephemerality in a Large Online Community.},
  author             = {Bernstein, Michael S and Monroy--Hern{\'a}ndez, Andr{\'e}s and Harry, Drew and Andr{\'e}, Paul and Panovich, Katrina and Vargas, Gregory G},
  booktitle          = {ICWSM},
  year               = {2011},
}
@inproceedings{bryant2005becoming,
  title              = {Becoming Wikipedian: transformation of participation in a collaborative online encyclopedia},
  author             = {Bryant, Susan L and Forte, Andrea and Bruckman, Amy},
  booktitle          = {Proceedings of the 2005 international ACM SIGGROUP conference on Supporting group work},
  pages              = {1--10},
  year               = {2005},
  organization       = {ACM},
}
@inproceedings{beschastnikh2008wikipedian,
  title              = {Wikipedian Self--Governance in Action: Motivating the Policy Lens.},
  author             = {Beschastnikh, Ivan and Kriplean, Travis and McDonald, David W},
  booktitle          = {ICWSM},
  year               = {2008},
}
@article{halfaker2012rise,
  title              = {The rise and decline of an open collaboration system: How Wikipediaâs reaction to popularity is causing its decline},
  author             = {Halfaker, Aaron and Geiger, R Stuart and Morgan, Jonathan T and Riedl, John},
  journal            = {American Behavioral Scientist},
  pages              = {0002764212469365},
  year               = {2012},
  publisher          = {SAGE Publications},
}
@inproceedings{dabbish2012fresh,
  title              = {Fresh faces in the crowd: turnover, identity, and commitment in online groups},
  author             = {Dabbish, Laura and Farzan, Rosta and Kraut, Robert and Postmes, Tom},
  booktitle          = {Proceedings of the ACM 2012 conference on Computer Supported Cooperative Work},
  pages              = {245--248},
  year               = {2012},
  organization       = {ACM},
}
@inproceedings{anderson2013steering,
  title              = {Steering user behavior with badges},
  author             = {Anderson, Ashton and Huttenlocher, Daniel and Kleinberg, Jon and Leskovec, Jure},
  booktitle          = {Proceedings of the 22nd international conference on World Wide Web},
  pages              = {95--106},
  year               = {2013},
  organization       = {International World Wide Web Conferences Steering Committee},
}
@inproceedings{ciampaglia2015moodbar,
  title              = {MoodBar: Increasing new user retention in Wikipedia through lightweight socialization},
  author             = {Ciampaglia, Giovanni Luca and Taraborelli, Dario},
  booktitle          = {Proceedings of the 18th ACM Conference on Computer Supported Cooperative Work \& Social Computing},
  pages              = {734--742},
  year               = {2015},
  organization       = {ACM},
}
@article{kraut2010dealing,
  title              = {Dealing with newcomers},
  author             = {Kraut, Robert and Burke, Moira and Riedl, John and Resnick, P},
  journal            = {Evidencebased Social Design Mining the Social Sciences to Build Online Communities},
  volume             = {1},
  pages              = {42},
  year               = {2010},
  publisher          = {Citeseer},
}
@incollection{pal2011early,
  title              = {Early detection of potential experts in question answering communities},
  author             = {Pal, Aditya and Farzan, Rosta and Konstan, Joseph A and Kraut, Robert E},
  booktitle          = {User Modeling, Adaption and Personalization},
  pages              = {231--242},
  year               = {2011},
  publisher          = {Springer},
}
@article{mockus2002two,
  title              = {Two case studies of open source software development: Apache and Mozilla},
  author             = {Mockus, Audris and Fielding, Roy T and Herbsleb, James D},
  journal            = {ACM Transactions on Software Engineering and Methodology (TOSEM)},
  volume             = {11},
  number             = {3},
  pages              = {309--346},
  year               = {2002},
  publisher          = {ACM},
}
@inproceedings{crowston2006core,
  title              = {Core and periphery in Free/Libre and Open Source software team communications},
  author             = {Crowston, Kevin and Wei, Kangning and Li, Qing and Howison, James},
  booktitle          = {System Sciences, 2006. HICSS'06. Proceedings of the 39th Annual Hawaii International Conference on},
  volume             = {6},
  pages              = {118a--118a},
  year               = {2006},
  organization       = {IEEE},
}
@article{barcellini2006users,
  title              = {Users' participation to the design process in an Open Source Software online community},
  author             = {Barcellini, Flore and D{\'e}tienne, Fran{\c{c}}oise and Burkhardt, Jean--Marie},
  journal            = {arXiv preprint cs/0612009},
  year               = {2006},
}
@article{atlee2008collective,
  title              = {Collective Intelligence: Creating a Prosperous World at Peace},
  author             = {Atlee, Tom and
                        Benkler, Yochai and
                        Homer--Dixon, Thomas and
                        Levy, Pierre and
                        Malone, Thomas and
                        Martin, Paul and
                        Masum, Hassan and
                        Steele, Robert},
  year               = {2008},
  publisher          = {Earth Intelligence Network},
}
@article{benkler2013peer,
  title              = {Peer production: a modality of collective intelligence},
  author             = {Benkler, Yochai and Shaw, Aaron and Hill, Benjamin Mako},
  journal            = {Collective Intelligence},
  year               = {2013},
}
@inproceedings{keegan2010egalitarians,
  title              = {Egalitarians at the gate: One--sided gatekeeping practices in social media},
  author             = {Keegan, Brian and Gergle, Darren},
  booktitle          = {Proceedings of the 2010 ACM conference on Computer supported cooperative work},
  pages              = {131--134},
  year               = {2010},
  organization       = {ACM},
}
@misc{facesOfMechanicalTurk,
  author             = {Andy Baio},
  title              = {The Faces of Mechanical Turk},
  month              = {11},
  year               = {2008},
  url                = {http://waxy.org/2008/11/the_faces_of_mechanical_turk/},
}
@book{kelty2008two,
  title              = {Two bits: The cultural significance of free software},
  author             = {Kelty, Christopher M},
  year               = {2008},
  publisher          = {Duke University Press},
}
@book{weber2004success,
  title              = {The success of open source},
  author             = {Weber, Steven},
  volume             = {897},
  year               = {2004},
  publisher          = {Cambridge Univ Press},
}
@article{mackinnon2012consent,
  title              = {Consent of the networked: The worldwide struggle for Internet freedom},
  author             = {MacKinnon, Rebecca},
  journal            = {Politique {\'e}trang{\`e}re},
  volume             = {50},
  number             = {2},
  year               = {2012},
}
@book{lessig2006code,
  title              = {Code},
  author             = {Lessig, Lawrence},
  year               = {2006},
  publisher          = {Lawrence Lessig},
}
@article{kramer2014experimental,
  title              = {Experimental evidence of massive--scale emotional contagion through social networks},
  author             = {Kramer, Adam DI and Guillory, Jamie E and Hancock, Jeffrey T},
  journal            = {Proceedings of the National Academy of Sciences},
  volume             = {111},
  number             = {24},
  pages              = {8788--8790},
  year               = {2014},
  publisher          = {National Acad Sciences},
}
@article{bush1979we,
  title              = {As we may think},
  author             = {Bush, Vannevar},
  journal            = {ACM SIGPC Notes},
  volume             = {1},
  number             = {4},
  pages              = {36--44},
  year               = {1979},
  publisher          = {ACM},
}
@book{ullman2012close,
  title              = {Close to the Machine: Technophilia and its Discontents},
  author             = {Ullman, Ellen},
  year               = {2012},
  publisher          = {Macmillan},
}
@inproceedings{CrowdsourcingUserStudies,
  author             = {Kittur, Aniket and Chi, Ed H. and Suh, Bongwon},
  title              = {Crowdsourcing User Studies with Mechanical Turk},
  booktitle          = {Proceedings of the SIGCHI Conference on Human Factors in Computing Systems},
  series             = {CHI '08},
  year               = {2008},
  isbn               = {978--1-60558--011--1},
  pages              = {453--456},
  numpages           = {4},
  url                = {http://doi.acm.org/10.1145/1357054.1357127},
  doi                = {10.1145/1357054.1357127},
  acmid              = {1357127},
  publisher          = {ACM},
  keywords           = {Mechanical Turk, Wikipedia, micro task, remote user study},
}
@book{mellor1988worker,
  title              = {Worker cooperatives in theory and practice},
  author             = {Mellor, Mary and Hannah, Janet and Stirling, John},
  year               = {1988},
  publisher          = {Open Univ Pr},
}
@article{craig1992behavior,
  title              = {The behavior of worker cooperatives: The plywood companies of the Pacific Northwest},
  author             = {Craig, Ben and Pencavel, John},
  journal            = {The American Economic Review},
  pages              = {1083--1105},
  year               = {1992},
  publisher          = {JSTOR},
}
@article{estrin1987productivity,
  title              = {The productivity effects of worker participation: Producer cooperatives in Western economies},
  author             = {Estrin, Saul and Jones, Derek C and Svejnar, Jan},
  journal            = {Journal of Comparative Economics},
  volume             = {11},
  number             = {1},
  pages              = {40--61},
  year               = {1987},
  publisher          = {Elsevier},
}
@book{wright2014worker,
  title              = {Worker Cooperatives and Revolution: History and Possibilities in the United States},
  author             = {Wright, Chris},
  year               = {2014},
  publisher          = {Booklocker},
}
@book{ostrom1990governing,
  title              = {Governing the commons: The evolution of institutions for collective action},
  author             = {Ostrom, Elinor},
  year               = {1990},
  publisher          = {Cambridge university press},
}
@misc{hall2015analysis,
  title              = {An Analysis of the Labor Market for Uberâs Driver--Partners in the United States},
  author             = {Hall, Jonathan V and Krueger, Alan B},
  year               = {2015},
  publisher          = {mimeo},
}
@inproceedings{martin2014being,
  author             = {Martin, David and Hanrahan, Benjamin V. and O'Neill, Jacki and Gupta, Neha},
  title              = {Being a Turker},
  booktitle          = {Proceedings of the 17th ACM Conference on Computer Supported Cooperative Work \& Social Computing},
  series             = {CSCW '14},
  year               = {2014},
  isbn               = {978-1-4503-2540-0},
  location           = {Baltimore, Maryland, USA},
  pages              = {224--235},
  numpages           = {12},
  url                = {http://doi.acm.org/10.1145/2531602.2531663},
  doi                = {10.1145/2531602.2531663},
  acmid              = {2531663},
  publisher          = {ACM},
  keywords           = {amazon mechanical turk, content analysis, crowdsourcing, ethnomethodology, microtasking, turker nation},
} 
@misc{kollock2005managing,
  title              = {Managing the virtual commons: cooperation and conflict in computer communities. 1996},
  author             = {Kollock, Peter and Smith, Marc},
  year               = {2005},
}
@book{cook2005cooperation,
  title              = {Cooperation without trust?},
  author             = {Cook, Karen S and Hardin, Russell and Levi, Margaret},
  year               = {2005},
  publisher          = {Russell Sage Foundation},
}
@book{hirschman1970exit,
  title              = {Exit, Voice, and Loyalty: Responses to Decline in Firms, Organizations, and States},
  author             = {Hirschman, A.O.},
  isbn               = {9780674276604},
  lccn               = {77099517},
  series             = {ACLS Humanities E--Book},
  url                = {https://books.google.com/books?id=vYO6sDvjvcgC},
  year               = {1970},
  publisher          = {Harvard University Press},
}
@misc{waterCooler,
  author             = {Mario L. Small},
  title              = {The Future of Work: The Water Cooler and the Fridge},
  month              = {8},
  year               = {2015},
  url                = {http://www.psmag.com/business-economics/the-future-of-work-the-water-cooler-and-the-fridge},
}
@article{sterling2005shaping,
  title              = {Shaping things},
  author             = {Sterling, Bruce},
  year               = {2005},
  publisher          = {MIT press},
}
@inproceedings{yang2015experiences,
  title              = {Experiences developing socially acceptable interactions for a robotic trash barrel},
  author             = {Yang, Stephen and Mok, Brian Ka--Jun and Sirkin, David and Ive, Hillary Page and Maheshwari, Rohan and Fischer, Kerstin and Ju, Wendy},
  booktitle          = {Robot and Human Interactive Communication (RO--MAN), 2015 24th IEEE International Symposium on},
  pages              = {277--284},
  year               = {2015},
  organization       = {IEEE},
}
@article{zacharias1997justice,
  title              = {Justice in Plea bargaining},
  author             = {Zacharias, Fred C},
  journal            = {Wm. \& Mary L. Rev.},
  volume             = {39},
  pages              = {1121},
  year               = {1997},
  publisher          = {HeinOnline},
}
@article{kellough2002remand,
  title              = {Remand for plea. Bail decisions and plea bargaining as commensurate decisions},
  author             = {Kellough, Gail and Wortley, Scot},
  journal            = {British Journal of Criminology},
  volume             = {42},
  number             = {1},
  pages              = {186--210},
  year               = {2002},
  publisher          = {CCJS},
}
@article{bar2009prisoners,
  title              = {The Prisoners'(Plea Bargain) Dilemma},
  author             = {Bar--Gill, Oren and Ben--Shahar, Omri},
  journal            = {Journal of Legal Analysis},
  volume             = {1},
  number             = {2},
  pages              = {737--773},
  year               = {2009},
  publisher          = {Oxford University Press},
}
@article{grossman1983plea,
  title              = {Plea bargaining and social welfare},
  author             = {Grossman, Gene M and Katz, Michael L},
  journal            = {The American Economic Review},
  volume             = {73},
  number             = {4},
  pages              = {749--757},
  year               = {1983},
  publisher          = {JSTOR},
}
@book{scholz2012digital,
  title              = {Digital labor: The Internet as playground and factory},
  author             = {Scholz, Trebor},
  year               = {2012},
  publisher          = {Routledge},
}
@inproceedings{bernsteinSoylent,
  author             = {Bernstein, Michael S. and
                        Little, Greg and
                        Miller, Robert C. and
                        Hartmann, Bj\"{o}rn and
                        Ackerman, Mark S. and
                        Karger, David R. and
                        Crowell, David and
                        Panovich, Katrina},
  title              = {Soylent: A Word Processor with a Crowd Inside},
  booktitle          = {Proceedings of the 23Nd Annual ACM Symposium on User Interface Software and Technology},
  series             = {UIST '10},
  year               = {2010},
  isbn               = {978-1-4503-0271-5},
  location           = {New York, New York, USA},
  pages              = {313--322},
  numpages           = {10},
  url                = {http://doi.acm.org/10.1145/1866029.1866078},
  doi                = {10.1145/1866029.1866078},
  acmid              = {1866078},
  publisher          = {ACM},
  keywords           = {crowdsourcing, mechanical turk, outsourcing},
}
@misc{futureUnions,
  author             = {Kessler, Sarah},
  title              = {What Does A Union Look Like In The Gig Economy?},
  month              = {2},
  year               = {2015},
  url                = {http://www.fastcompany.com/3042081/what-does-a-union-look-like-in-the-gig-economy},
}
@article{alschuler1981changing,
  title              = {The changing plea bargaining debate},
  author             = {Alschuler, Albert W},
  journal            = {California Law Review},
  volume             = {69},
  number             = {3},
  pages              = {652--730},
  year               = {1981},
  publisher          = {JSTOR},
}
@article{kipnis1976criminal,
  title              = {Criminal justice and the negotiated plea},
  author             = {Kipnis, Kenneth},
  journal            = {Ethics},
  volume             = {86},
  number             = {2},
  pages              = {93--106},
  year               = {1976},
  publisher          = {JSTOR},
}
@misc{nytbail,
  author             = {Dewan, Shaila},
  title              = {When Bail Is Out of Defendantâs Reach, Other Costs Mount},
  month              = {6},
  year               = {2015},
  url                = {http://www.nytimes.com/2015/06/11/us/when-bail-is-out-of-defendants-reach-other-costs-mount.html?smid=pl-share&r =0},
}
@inproceedings{dillahunt2016does,
  title              = {Does the Sharing Economy do any Good?},
  author             = {Dillahunt, Tawanna and Lampinen, Airi and O'Neill, Jacki and Terveen, Loren and Kendrick, Cory},
  booktitle          = {Proceedings of the 19th ACM Conference on Computer Supported Cooperative Work and Social Computing Companion},
  pages              = {197--200},
  year               = {2016},
  organization       = {ACM},
}
@inproceedings{crowdcollab,
  author             = {Gray, Mary L. and Suri, Siddharth and Ali, Syed Shoaib and Kulkarni, Deepti},
  title              = {The Crowd is a Collaborative Network},
  booktitle          = {Proceedings of the 19th ACM Conference on Computer--Supported Cooperative Work \& Social Computing},
  series             = {CSCW '16},
  year               = {2016},
  isbn               = {978--1-4503--3592--8},
  pages              = {134--147},
  numpages           = {14},
  url                = {http://doi.acm.org/10.1145/2818048.2819942},
  doi                = {10.1145/2818048.2819942},
  acmid              = {2819942},
  publisher          = {ACM},
  keywords           = {collaboration, crowdsourcing, online labor, social networks},
}
@book{kottak1996mirror,
  title              = {Mirror for humanity: A concise introduction to cultural anthropology},
  author             = {Kottak, Conrad Phillip},
  year               = {1996},
  publisher          = {McGraw--Hill New York},
}
@article{jones2011does,
  title              = {Does Machinima Really Democratize?},
  author             = {Jones, Robert},
  journal            = {Journal of Visual Culture},
  volume             = {10},
  number             = {1},
  pages              = {59--65},
  year               = {2011},
  publisher          = {SAGE Publications},
}
@article{doi:10.1177/1470412910391552,
author = {Hugh Hancock},
title ={Machinima: Limited, Ghettoized, and Spectacularly Promising},
journal = {Journal of Visual Culture},
volume = {10},
number = {1},
pages = {31-37},
year = {2011},
doi = {10.1177/1470412910391552},
URL = { https://doi.org/10.1177/1470412910391552}
}
@book{EboCybertopia,
  author             = {Ebo, Bosah L.},
  title              = {Cyberghetto or Cybertopia?: Race, Class, and Gender on the Internet},
  year               = {1998},
  isbn               = {0275959937},
  publisher          = {Greenwood Publishing Group Inc.},
}
@misc{sharingEconomyPoll,
  author             = {Steinmetz,Katy},
  title              = {Exclusive: See How Big the Gig Economy Really Is},
  month              = {1},
  year               = {2016},
  url                = {http://time.com/4169532/sharing-economy-poll/},
}
@book{marx2012economic,
  title              = {Economic and philosophic manuscripts of 1844},
  author             = {Marx, Karl},
  year               = {2012},
  publisher          = {Courier Corporation},
}
@book{shaheed1983invisible,
  title              = {Invisible workers: piecework labour amongst women in Lahore},
  author             = {Shaheed, Farida and Mumtaz, Khawar},
  year               = {1983},
  publisher          = {Women's Division, Govt. of Pakistan},
}
@article{hahn1996feminization,
  title              = {Feminization through flexible labor. The political economy of home--based work in India.},
  author             = {Hahn, Jeanne},
  year               = {1996},
  publisher          = {New York New York Routledge 1996.},
}
@book{gringeri1994getting,
  title              = {Getting by: women homeworkers and rural economic development.},
  author             = {Gringeri, Christina E and others},
  year               = {1994},
  publisher          = {University Press of Kansas},
}
@book{herzog1980hand,
  title              = {From hand to mouth: women and piecework},
  author             = {Herzog, Marianne},
  year               = {1980},
  publisher          = {Penguin Books Ltd},
}
@article{blinder2006offshoring,
  title              = {Offshoring: the next industrial revolution?},
  author             = {Blinder, Alan S},
  journal            = {FOREIGN AFFAIRS--NEW YORK--},
  volume             = {85},
  number             = {2},
  pages              = {113},
  year               = {2006},
  publisher          = {Council on Foreign Relations},
}
@article{rains2007impact,
  title              = {The impact of anonymity on perceptions of source credibility and
                        influence in computer--mediated group communication:,
                        A test of two competing hypotheses},
  author             = {Rains, Stephen A},
  journal            = {Communication Research},
  volume             = {34},
  number             = {1},
  pages              = {100--125},
  year               = {2007},
  publisher          = {Sage Publications},
}
@article{ellison2007benefits,
  title              = {The benefits of Facebook ``friends'': Social capital and college studentsâ use of online social network sites},
  author             = {Ellison, Nicole B and Steinfield, Charles and Lampe, Cliff},
  journal            = {Journal of Computer--Mediated Communication},
  volume             = {12},
  number             = {4},
  pages              = {1143--1168},
  year               = {2007},
  publisher          = {Wiley Online Library},
}
@inproceedings{QuantifiedSelf,
  title              = {Quantified Self: Ethnography of a Digital Culture},
  author             = {Alkhatib, Ali and Boellstorff, Tom},
  year               = {2014},
  booktitle          = {UC Irvine Undergraduate Research Symposium},
  series = {UC Irvine Undergraduate Research Symposium},
  venue = {University of California, Irvine, USA},
  url= {https://ali-alkhatib.com/media/papers/quantified_self.pdf}
}
@inproceedings{ValuesInDesign,
  author             = {Costino, Erin and Alkhatib, Ali and Barsoum, Fady and Brown, Ian and Yang, Wendy and Bowker, Geoffrey and Gregory, Judith and Mazumdar, Sanjay},
  title              = {Values in Design: Designing for Hesitation and Presence},
  year               = {2013},
  booktitle          = {UC Irvine Undergraduate Research Symposium},
  series = {UC Irvine Undergraduate Research Symposium},
  venue = {University of California, Irvine, USA}
}
@article{foote1959bail,
  title              = {Bail System and Equal Justice, The},
  author             = {Foote, Caleb},
  journal            = {Fed. Probation},
  volume             = {23},
  pages              = {43},
  year               = {1959},
  publisher          = {HeinOnline},
}
@article{berg1985bail,
  title              = {Bail Reform Act of 1984, The},
  author             = {Berg, Kenneth Frederick},
  journal            = {Emory LJ},
  volume             = {34},
  pages              = {685},
  year               = {1985},
  publisher          = {HeinOnline},
}
@article{ewing1985schall,
  title              = {Schall v. Martin: Preventive detention and dangerousness through the looking glass},
  author             = {Ewing, Charles Patrick},
  journal            = {Buff. L. Rev.},
  volume             = {34},
  pages              = {173},
  year               = {1985},
  publisher          = {HeinOnline},
}
@literal{1984schall,
  Text               = {Schall v. Martin},
  FirstKey           = {\textit{Schall v. Martin}},
  Key                = {\textit{Schall v. Martin}},
  booktitle          = {US},
  volume             = {467},
  pages              = {253},
  number             = {No. 82--1248},
  year               = {1984},
  publisher          = {Supreme Court},
}
@literal{1987united,
  title              = {United States v. Salerno},
  FirstKey           = {\textit{United States v. Salerno}},
  Key                = {\textit{United States v. Salerno}},
  booktitle          = {US},
  volume             = {481},
  pages              = {739},
  number             = {No. 86--87},
  year               = {1987},
  publisher          = {Supreme Court},
}
@book{newman1966conviction,
  title              = {Conviction: The determination of guilt or innocence without trial},
  author             = {Newman, Donald J and Remington, Frank J},
  year               = {1966},
  publisher          = {Little, Brown Boston},
}
@article{kaplan1977american,
  title              = {American Merchandising and the Guilty Plea: Replacing the Bazaar with the Department Store},
  author             = {Kaplan, John},
  journal            = {Am. J. Crim. L.},
  volume             = {5},
  pages              = {215},
  year               = {1977},
  publisher          = {HeinOnline},
}
@article{mccoy1980plea,
  title              = {Plea Bargaining as Due Process in Determining Guilt},
  author             = {McCoy, Thomas R and Mirra, Michael J},
  journal            = {Stanford Law Review},
  pages              = {887--941},
  year               = {1980},
  publisher          = {JSTOR},
}
@article{matchit,
  title              = {{MatchIt}: Nonparametric Preprocessing for Parametric Causal Inference},
  author             = {Daniel E. Ho and Kosuke Imai and Gary King and Elizabeth A. Stuart},
  journal            = {Journal of Statistical Software},
  year               = {2011},
  volume             = {42},
  number             = {8},
  pages              = {1--28},
  url                = {http://www.jstatsoft.org/v42/i08/},
}
@inproceedings{mcinnis2016one,
  author             = {McInnis, Brian James and Murnane, Elizabeth Lindley and Epstein, Dmitry and Cosley, Dan and Leshed, Gilly},
  title              = {One and Done: Factors Affecting One-time Contributors to Ad-hoc Online Communities},
  booktitle          = {Proceedings of the 19th ACM Conference on Computer-Supported Cooperative Work \& Social Computing},
  series             = {CSCW '16},
  year               = {2016},
  isbn               = {978-1-4503-3592-8},
  location           = {San Francisco, California, USA},
  pages              = {609--623},
  numpages           = {15},
  url                = {http://doi.acm.org/10.1145/2818048.2820075},
  doi                = {10.1145/2818048.2820075},
  acmid              = {2820075},
  publisher          = {ACM},
  keywords           = {Amazon Mechanical Turk, One-time participation, Online community},
}
@inproceedings{andrew2013using,
  author             = {Andrew, Adrienne H and Eustice, Kevin and Hickl, Andy},
  booktitle          = {Proceedings of the 7th International Conference on Pervasive Computing Technologies for Healthcare},
  pages              = {408--411},
  year               = {2013},
  organization       = {ICST (Institute for Computer Sciences, Social--Informatics and Telecommunications Engineering)},
}
@phdthesis{almalkiuse,
  title              = {The Use of Self--tracking Devices: Big Data Prospects and Challenges},
  author             = {Almalki, Manal},
  school             = {University of Melbourne},
}
@phdthesis{butterfield2012ethnographic,
  title              = {Ethnographic assessment of quantified self meetup groups},
  author             = {Butterfield, Adam D},
  year               = {2012},
  school             = {San Jos{\'e} State University},
}
@book{coulter2003european,
  title              = {The European patient of the future},
  author             = {Coulter, Angela and Magee, Helen},
  year               = {2003},
  publisher          = {McGraw--Hill Education (UK)},
}
@inproceedings{dabbish2012social,
  title              = {Social coding in GitHub: transparency and collaboration in an open software repository},
  author             = {Dabbish, Laura and Stuart, Colleen and Tsay, Jason and Herbsleb, Jim},
  booktitle          = {Proceedings of the ACM 2012 conference on Computer Supported Cooperative Work},
  pages              = {1277--1286},
  year               = {2012},
  organization       = {ACM},
}
@inproceedings{duval2011attention,
  title              = {Attention please!: learning analytics for visualization and recommendation},
  author             = {Duval, Erik},
  booktitle          = {Proceedings of the 1st International Conference on Learning Analytics and Knowledge},
  pages              = {9--17},
  year               = {2011},
  organization       = {ACM},
}
@article{fajans2014art,
  title              = {The Art of Personal Science},
  author             = {Fajans, Jeff},
  journal            = {The STEAM Journal},
  volume             = {1},
  number             = {2},
  pages              = {30},
  year               = {2014},
}
@book{heidegger1994hegel,
  title              = {Hegel's phenomenology of spirit},
  author             = {Heidegger, Martin and Emad, Parvis and Maly, Kenneth},
  year               = {1994},
  publisher          = {Indiana University Press},
}
@article{halavais2013home,
  title              = {Home made big dataâ½ Challenges and opportunities for participatory social research},
  author             = {Halavais, Alexander},
  journal            = {First Monday},
  volume             = {18},
  number             = {10},
  year               = {2013},
}
@article{jariyasunant2011quantified,
  title              = {The Quantified Traveler: Using personal travel data to promote sustainable transport behavior},
  author             = {Jariyasunant, Jerald and
                        Carrel, Andre and
                        Ekambaram, Venkatesan and
                        Gaker, DJ and
                        Kote, Thejovardhana and
                        Sengupta, Raja and
                        Walker, Joan L},
  journal            = {University of California Transportation Center},
  year               = {2011},
}
@misc{whatisQS,
  author             = {Wolf, Gary},
  title              = {What is The Quantified Self?},
  month              = {3},
  year               = {2011},
  url                = {http://quantifiedself.com/2011/03/what-is-the-quantified-self/},
}
@inproceedings{kido2012self,
  title              = {Self--Tracking Mindfulness Incorporating a Personal Genome},
  author             = {Kido, Takashi},
  booktitle          = {2012 AAAI Spring Symposium Series},
  year               = {2012},
}
@article{kido2014know,
  title              = {Know thyself: Data driven self--awareness for understanding our unconscious behaviors--Citizen Science Genetics for sleep and wellness research},
  author             = {Kido, Takashi and Swan, Melanie},
  year               = {2014},
}
@book{dey2003qualitative,
  title              = {Qualitative data analysis: A user friendly guide for social scientists},
  author             = {Dey, Ian},
  year               = {2003},
  publisher          = {Routledge},
}
@article{lazar2012big,
  title              = {The big picture: big data hits the big time},
  author             = {Lazar, Nicole},
  journal            = {Chance},
  volume             = {25},
  number             = {3},
  pages              = {47--49},
  year               = {2012},
  publisher          = {Taylor \& Francis},
}
@misc{becomingCyborgs,
  author             = {Leavitt, Lydia},
  title              = {Becoming Cyborgs: Wearable Tech Disrupts Healthcare},
  month              = {3},
  year               = {2014},
  url                = {http://www.forbes.com/sites/ptc/2014/03/28/becoming-cyborgs-ear-based-wearable-tech-disrupts-healthcare/#21ce48bc386a},
}
@article{baltar2012social,
  title              = {Social research 2.0: virtual snowball sampling method using Facebook},
  author             = {Baltar, Fabiola and Brunet, Ignasi},
  journal            = {internet Research},
  volume             = {22},
  number             = {1},
  pages              = {57--74},
  year               = {2012},
  publisher          = {Emerald Group Publishing Limited},
}
@article{li2011personal,
  title              = {Personal informatics and context: using context to reveal factors that affect behavior},
  author             = {Li, Ian Anthony Rosas},
  year               = {2011},
}
@article{linder2007life,
  title              = {Life as art, and seeing the promise of big bodies},
  author             = {Linder, Fletcher},
  journal            = {American ethnologist},
  volume             = {34},
  number             = {3},
  pages              = {451--472},
  year               = {2007},
  publisher          = {Wiley Online Library},
}
@article{love2014cover,
  title              = {The Cover--The Quantified Self},
  author             = {Love Stone, Leslie},
  journal            = {The STEAM Journal},
  volume             = {1},
  number             = {2},
  pages              = {34},
  year               = {2014},
}
@article{mcfedries2013tracking,
  title              = {Tracking the quantified self [Technically speaking]},
  author             = {Mcfedries, Paul},
  journal            = {Spectrum, IEEE},
  volume             = {50},
  number             = {8},
  pages              = {24--24},
  year               = {2013},
  publisher          = {IEEE},
}
@inproceedings{meyer2014beyond,
  title              = {Beyond Quantified Self},
  author             = {Meyer, Jochen and Simske, Steven and Siek, Katie and Gurrin, Cathal and Hermens, Hermie},
  booktitle          = {the extended abstracts of the 32nd annual ACM conference},
  pages              = {95--98},
  year               = {2014},
}
@misc{nestGivesGoogle,
  author             = {Olson, Parmy},
  month              = {1},
  year               = {2014},
  title              = {Nest Gives Google Its Next Big Data Play: Energy},
  url                = {http://www.forbes.com/sites/parmyolson/2014/01/13/nest-gives-google-its-next-big-data-play-energy/#4e12eb264b61},
}
@article{o2014body,
  title              = {Body Monitoring: On the Need to put Culture into the Quantifying Equation.},
  author             = {O'Dell, Thomas and Fors, Vaike},
  journal            = {Culture Unbound},
  year               = {2014},
}
@book{nandy1998return,
  title              = {Return from exile},
  author             = {Nandy, Ashis},
  year               = {1998},
  publisher          = {Oxford University Press, USA},
}
@article{nafus2014big,
  title              = {Big Data, Big Questions| This One Does Not Go Up To 11: The Quantified Self Movement as an Alternative Big Data Practice},
  author             = {Nafus, Dawn and Sherman, Jamie},
  journal            = {International Journal of Communication},
  volume             = {8},
  pages              = {11},
  year               = {2014},
}
@inproceedings{packer2014editable,
  title              = {The editable self: a workbench for personal activity data},
  author             = {Packer, Heather S and Buzogany, Gustavo and Smith, Daniel Alexander and Dragan, Laura and Van Kleek, Max and Shadbolt, Nigel R},
  booktitle          = {CHI'14 Extended Abstracts on Human Factors in Computing Systems},
  pages              = {2185--2190},
  year               = {2014},
  organization       = {ACM},
}
@misc{quantifiedOther,
  title              = {The Quantified Other: Nest And Fitbit Chase A Lucrative Side Business},
  url                = {http://www.forbes.com/sites/parmyolson/2014/04/17/the-quantified-other-nest-and-fitbit-chase-a-lucrative-side-business/#794541355403},
  month              = {4},
  year               = {2014},
  author             = {Olson, Parmy},
}
@article{schull2005digital,
  title              = {Digital gambling: The coincidence of desire and design},
  author             = {Schull, Natasha Dow},
  journal            = {The Annals of the American Academy of Political and Social Science},
  volume             = {597},
  number             = {1},
  pages              = {65--81},
  year               = {2005},
  publisher          = {Sage Publications},
}
@article{sharifaactivis,
  title              = {ActiVis, an R Package for the Visualization of Functional Actigraphy Data (and Beyond)},
  author             = {Sharifa, Abbass and Symanzik, J{\"u}rgen},
}
@article{sheth2013physical,
  title              = {Physical--Cyber--Social Computing},
  author             = {Sheth, A and Barnaghi, Payam and Strohmaier, Markus and Jain, Ramesh and Staab, Steffen},
  journal            = {Dagstuhl Reports},
  volume             = {13402},
  pages              = {245--263},
  year               = {2013},
  publisher          = {Citeseer},
}
@article{swan2012health,
  title              = {Health 2050: The realization of personalized medicine through crowdsourcing, the quantified self, and the participatory biocitizen},
  author             = {Swan, Melanie},
  journal            = {Journal of Personalized Medicine},
  volume             = {2},
  number             = {3},
  pages              = {93--118},
  year               = {2012},
  publisher          = {Molecular Diversity Preservation International},
}
@article{swan2013quantified,
  title              = {The quantified self: Fundamental disruption in big data science and biological discovery},
  author             = {Swan, Melanie},
  journal            = {Big Data},
  volume             = {1},
  number             = {2},
  pages              = {85--99},
  year               = {2013},
  publisher          = {Mary Ann Liebert, Inc. 140 Huguenot Street, 3rd Floor New Rochelle, NY 10801 USA},
}
@article{waltz2012quantified,
  author             = {E. Waltz},
  journal            = {IEEE Spectrum},
  title              = {How i quantified myself},
  year               = {2012},
  volume             = {49},
  number             = {9},
  pages              = {42-47},
  keywords           = {biomedical electronics;,
                        biomedical equipment;,
                        biomedical measurement;,
                        activity tracker;,
                        biological data;,
                        blood-pressure cuff;,
                        brainwave-sensing headband;,
                        energy expenditure;,
                        heat-and motion-sensing;,
                        lab mouse;,
                        quantified myself;,
                        self-measurement gadgets;,
                        sleep monitoring;,
                        Biomedical monitoring;,
                        Medical devices;,
                        Temperature measurement;,
                        Temperature sensors},
  doi                = {10.1109/MSPEC.2012.6281132},
  ISSN               = {0018-9235},
  month              = {9},
}
@book{weber2002protestant,
  title              = {The Protestant Ethic and the Spirit of Capitalism: and other writings},
  author             = {Weber, Max},
  year               = {2002},
  publisher          = {Penguin},
}
@book{weschler1996mr,
  title              = {Mr. Wilson's cabinet of wonder},
  author             = {Weschler, Lawrence},
  year               = {1996},
  publisher          = {Vintage},
}
@article{whitson2013gaming,
  title              = {Gaming the quantified self},
  author             = {Whitson, Jennifer R},
  journal            = {Surveillance \& Society},
  volume             = {11},
  number             = {1/2},
  pages              = {163},
  year               = {2013},
  publisher          = {Surveillance Studies Network},
}
@phdthesis{willis2013interpreting,
  title              = {Interpreting âBig Dataâ: Self--Quantifiers, Data Distance, and Rock Star Analysts},
  author             = {Willis, Margaret},
  year               = {2013},
  school             = {Dissertation Proposal. Boston College. Retrieved from http://www. sarkisian. net/sc781/willis\_proposal. pdf},
}
@article{Wolf2010,
  author             = {Wolf, Gary},
  title              = {The data--driven life},
  journal            = {The New York Times},
  year               = {2010},
  volume             = {28},
}
@inproceedings{yang2013personal,
  title              = {Personal lifelog visualization},
  author             = {Yang, Yang and Gurrin, Cathal},
  booktitle          = {Proceedings of the 4th International SenseCam \& Pervasive Imaging Conference},
  pages              = {82--83},
  year               = {2013},
  organization       = {ACM},
}
@inproceedings{yang2013visualizing,
  title              = {Visualizing lifelog data for different interaction platforms},
  author             = {Yang, Yang and Lee, Hyowon and Gurrin, Cathal},
  booktitle          = {CHI'13 Extended Abstracts on Human Factors in Computing Systems},
  pages              = {1785--1790},
  year               = {2013},
  organization       = {ACM},
}
@book{coleman2013coding,
  title              = {Coding freedom: The ethics and aesthetics of hacking},
  author             = {Coleman, E Gabriella},
  year               = {2013},
  publisher          = {Princeton University Press},
}
@inproceedings{chilton2013cascade,
  author             = {Chilton, Lydia B. and Little, Greg and Edge, Darren and Weld, Daniel S. and Landay, James A.},
  title              = {Cascade: Crowdsourcing Taxonomy Creation},
  booktitle          = {Proceedings of the SIGCHI Conference on Human Factors in Computing Systems},
  series             = {CHI '13},
  year               = {2013},
  isbn               = {978-1-4503-1899-0},
  location           = {Paris, France},
  pages              = {1999--2008},
  numpages           = {10},
  url                = {http://doi.acm.org/10.1145/2470654.2466265},
  doi                = {10.1145/2470654.2466265},
  acmid              = {2466265},
  publisher          = {ACM},
  keywords           = {algorithm, crowdsourcing, human computation, information architecture},
}
@inproceedings{cheng2015break,
  author             = {Cheng, Justin and Teevan, Jaime and Iqbal, Shamsi T. and Bernstein, Michael S.},
  title              = {Break It Down: A Comparison of Macro- and Microtasks},
  booktitle          = {Proceedings of the 33rd Annual ACM Conference on Human Factors in Computing Systems},
  series             = {CHI '15},
  year               = {2015},
  isbn               = {978-1-4503-3145-6},
  location           = {Seoul, Republic of Korea},
  pages              = {4061--4064},
  numpages           = {4},
  url                = {http://doi.acm.org/10.1145/2702123.2702146},
  doi                = {10.1145/2702123.2702146},
  acmid              = {2702146},
  publisher          = {ACM},
  keywords           = {crowdsourcing, interruptions, microtasks, task breakdown},
}
@article{scott1975women,
  title              = {Women's work and the family in nineteenth--century Europe},
  author             = {Scott, Joan W and Tilly, Louise A},
  journal            = {Comparative Studies in Society and History},
  volume             = {17},
  number             = {01},
  pages              = {36--64},
  year               = {1975},
  publisher          = {Cambridge Univ Press},
}
@article{wathen2002believe,
  title              = {Believe it or not: Factors influencing credibility on the Web},
  author             = {Wathen, C Nadine and Burkell, Jacquelyn},
  journal            = {Journal of the American society for information science and technology},
  volume             = {53},
  number             = {2},
  pages              = {134--144},
  year               = {2002},
  publisher          = {Wiley Online Library},
}
@article{Brownlow1992,
  author             = {Brownlow, Sheila},
  title              = {Seeing is believing: Facial appearance, credibility, and attitude change},
  journal            = {Journal of Nonverbal Behavior},
  year               = {1992},
  volume             = {16},
  number             = {2},
  pages              = {101--115},
  issn               = {1573--3653},
  doi                = {10.1007/BF00990325},
  url                = {http://dx.doi.org/10.1007/BF00990325},
}
@article{credibilityfacialappearance,
  author             = {Masip, Jaume and Garrido, Eugenio and Herrero, Carmen},
  title              = {Facial appearance and impressions of âcredibilityâ: The effects of facial babyishness and age on person perception},
  journal            = {International Journal of Psychology},
  volume             = {39},
  number             = {4},
  issn               = {1464--066X},
  url                = {http://dx.doi.org/10.1080/00207590444000014},
  doi                = {10.1080/00207590444000014},
  pages              = {276--289},
  year               = {2004},
}
@article{Brownlow1990,
  author             = {Brownlow, Sheila and Zebrowitz, Leslie A.},
  title              = {Facial appearance, gender, and credibility in television commercials},
  journal            = {Journal of Nonverbal Behavior},
  year               = {1990},
  volume             = {14},
  number             = {1},
  pages              = {51--60},
  issn               = {1573--3653},
  doi                = {10.1007/BF01006579},
  url                = {http://dx.doi.org/10.1007/BF01006579},
}
@article{o1991effects,
  title              = {Effects of clothing as nonverbal communication on credibility of the message source},
  author             = {O'Neal, Gwendolyn S and Lapitsky, Mary},
  journal            = {Clothing and Textiles Research Journal},
  volume             = {9},
  number             = {3},
  pages              = {28--34},
  year               = {1991},
  publisher          = {Sage Publications},
}
@incollection{malone1999dawn,
  title              = {The dawn of the e--lance economy},
  author             = {Malone, Thomas W and Laubacher, Robert J},
  booktitle          = {Electronic Business Engineering},
  pages              = {13--24},
  year               = {1999},
  publisher          = {Springer},
}
@article{professionalCrowdworkEthics,
  author             = {Silberman, M. Six and Irani, Lilly and Ross, Joel},
  title              = {Ethics and Tactics of Professional Crowdwork},
  journal            = {XRDS},
  issuedate          = {Winter 2010},
  volume             = {17},
  number             = {2},
  month              = {12},
  year               = {2010},
  issn               = {1528--4972},
  pages              = {39--43},
  numpages           = {5},
  url                = {http://doi.acm.org/10.1145/1869086.1869100},
  doi                = {10.1145/1869086.1869100},
  acmid              = {1869100},
  publisher          = {ACM},
}
@inproceedings{selfsourcingTeevan2014,
  author             = {Teevan, Jaime and Liebling, Daniel J. and Lasecki, Walter S.},
  title              = {Selfsourcing Personal Tasks},
  booktitle          = {CHI '14 Extended Abstracts on Human Factors in Computing Systems},
  series             = {CHI EA '14},
  year               = {2014},
  isbn               = {978--1-4503--2474--8},
  pages              = {2527--2532},
  numpages           = {6},
  url                = {http://doi.acm.org/10.1145/2559206.2581181},
  doi                = {10.1145/2559206.2581181},
  acmid              = {2581181},
  publisher          = {ACM},
  keywords           = {crowdsourcing, interruption, microtasks, selfsourcing},
}
@inproceedings{selfsourcingTeevan2016,
  author             = {Teevan, Jaime and Iqbal, Shamsi T. and Cai, Carrie J. and Bigham, Jeffrey P. and Bernstein, Michael S. and Gerber, Elizabeth M.},
  title              = {Productivity Decomposed: Getting Big Things Done with Little Microtasks},
  booktitle          = {Proceedings of the 2016 CHI Conference Extended Abstracts on Human Factors in Computing Systems},
  series             = {CHI EA '16},
  year               = {2016},
  isbn               = {978--1-4503--4082--3},
  pages              = {3500--3507},
  numpages           = {8},
  url                = {http://doi.acm.org/10.1145/2851581.2856480},
  doi                = {10.1145/2851581.2856480},
  acmid              = {2856480},
  publisher          = {ACM},
  keywords           = {crowdsourcing, microtasking, microwork, productivity, selfsourcing, wait--learning},
}
@inproceedings{araujo201399designs,
  title              = {99designs: An analysis of creative competition in crowdsourced design},
  author             = {Araujo, Ricardo Matsumura},
  booktitle          = {First AAAI conference on Human computation and crowdsourcing},
  year               = {2013},
}
@article{bannerman2013crowdfunding,
  title              = {Crowdfunding culture},
  author             = {Bannerman, Sara},
  journal            = {Wi Journal of Mobile Media},
  volume             = {7},
  number             = {1},
  year               = {2013},
}
@misc{99designs,
  url                = {https://99designs.com/},
  title              = {Logos, Web, Graphic Design \& More. | 99designs},
  month              = {5},
  year               = {2016},
}
@inproceedings{storiesIraniSilberman,
  author             = {Irani, Lilly C. and Silberman, M. Six},
  title              = {Stories We Tell About Labor: Turkopticon and the Trouble with "Design"},
  booktitle          = {Proceedings of the 2016 CHI Conference on Human Factors in Computing Systems},
  series             = {CHI '16},
  year               = {2016},
  isbn               = {978--1-4503--3362--7},
  pages              = {4573--4586},
  numpages           = {14},
  url                = {http://doi.acm.org/10.1145/2858036.2858592},
  doi                = {10.1145/2858036.2858592},
  acmid              = {2858592},
  publisher          = {ACM},
  keywords           = {activism, amazon mechanical turk, critical design, design, economics, ethics, human computation, social theory},
}
@inproceedings{sensitiveTasks,
  author             = {Celis, L. Elisa and Reddy, Sai Praneeth and Singh, Ishaan Preet and Vaya, Shailesh},
  title              = {Assignment Techniques for Crowdsourcing Sensitive Tasks},
  booktitle          = {Proceedings of the 19th ACM Conference on Computer--Supported Cooperative Work \& Social Computing},
  series             = {CSCW '16},
  year               = {2016},
  isbn               = {978--1-4503--3592--8},
  pages              = {836--847},
  numpages           = {12},
  url                = {http://doi.acm.org/10.1145/2818048.2835202},
  doi                = {10.1145/2818048.2835202},
  acmid              = {2835202},
  publisher          = {ACM},
  keywords           = {Crowdsourcing, Microtasks, Privacy, Social Networks},
}
@book{hapke2004sweatshop,
  title              = {Sweatshop: the history of an American idea},
  author             = {Hapke, Laura},
  year               = {2004},
  publisher          = {Rutgers University Press},
}
@article{hu1961parallel,
  title              = {Parallel Sequencing and Assembly Line Problems},
  journal            = {Operations Research},
  author             = {Hu, Te C},
  volume             = {9},
  number             = {6},
  pages              = {841--848},
  year               = {1961},
  doi                = {10.1287/opre.9.6.841},
  URL                = {http://dx.doi.org/10.1287/opre.9.6.841},
  eprint             = {http://dx.doi.org/10.1287/opre.9.6.841},
}
@inproceedings{writingMicroTasks,
  author             = {Teevan, Jaime and Iqbal, Shamsi T. and von Veh, Curtis},
  title              = {Supporting Collaborative Writing with Microtasks},
  booktitle          = {Proceedings of the 2016 CHI Conference on Human Factors in Computing Systems},
  series             = {CHI '16},
  year               = {2016},
  isbn               = {978--1-4503--3362--7},
  pages              = {2657--2668},
  numpages           = {12},
  url                = {http://doi.acm.org/10.1145/2858036.2858108},
  doi                = {10.1145/2858036.2858108},
  acmid              = {2858108},
  publisher          = {ACM},
  keywords           = {collaborative writing, microtasking, social computing},
}
@inproceedings{delayAndOrderLasecki,
  author             = {Lasecki, Walter S. and Rzeszotarski, Jeffrey M. and Marcus, Adam and Bigham, Jeffrey P.},
  title              = {The Effects of Sequence and Delay on Crowd Work},
  booktitle          = {Proceedings of the 33rd Annual ACM Conference on Human Factors in Computing Systems},
  series             = {CHI '15},
  year               = {2015},
  isbn               = {978--1-4503--3145--6},
  pages              = {1375--1378},
  numpages           = {4},
  url                = {http://doi.acm.org/10.1145/2702123.2702594},
  doi                = {10.1145/2702123.2702594},
  acmid              = {2702594},
  publisher          = {ACM},
  keywords           = {continuity, crowdsourcing, efficiency, human computation, interruptions, workflows},
}
@article{howe2006rise,
  title              = {The rise of crowdsourcing},
  author             = {Howe, Jeff},
  journal            = {Wired magazine},
  volume             = {14},
  number             = {6},
  pages              = {1--4},
  year               = {2006},
}
@inproceedings{embracingErrorKrishna,
  author             = {Krishna, Ranjay A. and
                        Hata, Kenji and
                        Chen, Stephanie and
                        Kravitz, Joshua and
                        Shamma, David A. and
                        Fei--Fei, Li and
                        Bernstein, Michael S.},
  title              = {Embracing Error to Enable Rapid Crowdsourcing},
  booktitle          = {Proceedings of the 2016 CHI Conference on Human Factors in Computing Systems},
  series             = {CHI '16},
  year               = {2016},
  isbn               = {978--1-4503--3362--7},
  pages              = {3167--3179},
  numpages           = {13},
  url                = {http://doi.acm.org/10.1145/2858036.2858115},
  doi                = {10.1145/2858036.2858115},
  acmid              = {2858115},
  publisher          = {ACM},
  keywords           = {RSVP, crowdsourcing, human computation},
}
@article{wray1949marginal,
  title              = {Marginal men of industry: The foremen},
  author             = {Wray, Donald E},
  journal            = {American Journal of Sociology},
  pages              = {298--301},
  year               = {1949},
  publisher          = {JSTOR},
}
@article{van1976determinants,
  title              = {Determinants of coordination modes within organizations},
  author             = {Van de Ven, Andrew H and Delbecq, Andre L and Koenig Jr, Richard},
  journal            = {American sociological review},
  pages              = {322--338},
  year               = {1976},
  publisher          = {JSTOR},
}
@article{friedman2014workers,
  title              = {Workers without employers: shadow corporations and the rise of the gig economy},
  author             = {Friedman, Gerald},
  journal            = {Review of Keynesian Economics},
  number             = {2},
  pages              = {171--188},
  year               = {2014},
  publisher          = {Edward Elgar Publishing Ltd},
}
@article{friedman2000trust,
  author             = {Friedman, Batya and Khan,Jr., Peter H. and Howe, Daniel C.},
  title              = {Trust Online},
  journal            = {Commun. ACM},
  issue_date         = {Dec. 2000},
  volume             = {43},
  number             = {12},
  month              = {12},
  year               = {2000},
  issn               = {0001-0782},
  pages              = {34--40},
  numpages           = {7},
  url                = {http://doi.acm.org/10.1145/355112.355120},
  doi                = {10.1145/355112.355120},
  acmid              = {355120},
  publisher          = {ACM},
} 
@inproceedings{DesigningForLabourUber,
  author             = {Gl\"{o}ss, Mareike and McGregor, Moira and Brown, Barry},
  title              = {Designing for Labour: Uber and the On--Demand Mobile Workforce},
  booktitle          = {Proceedings of the 2016 CHI Conference on Human Factors in Computing Systems},
  series             = {CHI '16},
  year               = {2016},
  isbn               = {978--1-4503--3362--7},
  pages              = {1632--1643},
  numpages           = {12},
  url                = {http://doi.acm.org/10.1145/2858036.2858476},
  doi                = {10.1145/2858036.2858476},
  acmid              = {2858476},
  publisher          = {ACM},
  keywords           = {labour issues, on demand labour, ridesharing, on--demand labour, sharing economy, transport, uber},
}
@inproceedings{MaliciousCrowdworkersGadiraju,
  author             = {Gadiraju, Ujwal and Kawase, Ricardo and Dietze, Stefan and Demartini, Gianluca},
  title              = {Understanding Malicious Behavior in Crowdsourcing Platforms: The Case of Online Surveys},
  booktitle          = {Proceedings of the 33rd Annual ACM Conference on Human Factors in Computing Systems},
  series             = {CHI '15},
  year               = {2015},
  isbn               = {978--1-4503--3145--6},
  pages              = {1631--1640},
  numpages           = {10},
  url                = {http://doi.acm.org/10.1145/2702123.2702443},
  doi                = {10.1145/2702123.2702443},
  acmid              = {2702443},
  publisher          = {ACM},
  keywords           = {crowdsourcing, malicious intent, microtasks, online surveys, user behavior},
}
@inproceedings{AccuracyTradeoffsLasecki,
  author             = {Lasecki, Walter S. and Gordon, Mitchell and Leung, Winnie and Lim, Ellen and Bigham, Jeffrey P. and Dow, Steven P.},
  title              = {Exploring Privacy and Accuracy Trade--Offs in Crowdsourced Behavioral Video Coding},
  booktitle          = {Proceedings of the 33rd Annual ACM Conference on Human Factors in Computing Systems},
  series             = {CHI '15},
  year               = {2015},
  isbn               = {978--1-4503--3145--6},
  pages              = {1945--1954},
  numpages           = {10},
  url                = {http://doi.acm.org/10.1145/2702123.2702605},
  doi                = {10.1145/2702123.2702605},
  acmid              = {2702605},
  publisher          = {ACM},
  keywords           = {crowdsourcing, data analysis, subjective coding, video},
}
@article{nickerson2013crowd,
  title              = {Crowd work and collective learning},
  author             = {Nickerson, Jeffrey V},
  journal            = {Technology--Enhanced Professional Learning: Routledge, Forthcoming},
  year               = {2013},
}
@inproceedings{interruptionIqbal,
  author             = {Iqbal, Shamsi T. and Bailey, Brian P.},
  title              = {Effects of Intelligent Notification Management on Users and Their Tasks},
  booktitle          = {Proceedings of the SIGCHI Conference on Human Factors in Computing Systems},
  series             = {CHI '08},
  year               = {2008},
  isbn               = {978--1-60558--011--1},
  pages              = {93--102},
  numpages           = {10},
  url                = {http://doi.acm.org/10.1145/1357054.1357070},
  doi                = {10.1145/1357054.1357070},
  acmid              = {1357070},
  publisher          = {ACM},
  keywords           = {breakpoint, interruption, notification, statistical models},
}
@inproceedings{vaish2014low,
  title              = {Low Effort Crowdsourcing: Leveraging Peripheral Attention for Crowd Work},
  author             = {Vaish, Rajan and Organisciak, Peter and Hara, Kotaro and Bigham, Jeffrey P and Zhang, Haoqi},
  booktitle          = {Second AAAI Conference on Human Computation and Crowdsourcing},
  year               = {2014},
}
@inproceedings{movieSummarizationWu,
  author             = {Wu, Shao--Yu and Thawonmas, Ruck and Chen, Kuan--Ta},
  title              = {Video Summarization via Crowdsourcing},
  booktitle          = {CHI '11 Extended Abstracts on Human Factors in Computing Systems},
  series             = {CHI EA '11},
  year               = {2011},
  isbn               = {978--1-4503--0268--5},
  pages              = {1531--1536},
  numpages           = {6},
  url                = {http://doi.acm.org/10.1145/1979742.1979803},
  doi                = {10.1145/1979742.1979803},
  acmid              = {1979803},
  publisher          = {ACM},
  keywords           = {crowdsourcing, human computation, video skimming, video summarization},
}
@inproceedings{verroios2014context,
  title              = {Context trees: Crowdsourcing global understanding from local views},
  author             = {Verroios, Vasilis and Bernstein, Michael S},
  booktitle          = {Second AAAI Conference on Human Computation and Crowdsourcing},
  year               = {2014},
}
@article{fort2011amazon,
  title              = {Amazon mechanical turk: Gold mine or coal mine?},
  author             = {Fort, Kar{\"e}n and Adda, Gilles and Cohen, K Bretonnel},
  journal            = {Computational Linguistics},
  volume             = {37},
  number             = {2},
  pages              = {413--420},
  year               = {2011},
  publisher          = {MIT Press},
}
@inproceedings{laborEconomicsOfCrowdsourcingHorton,
  author             = {Horton, John Joseph and Chilton, Lydia B.},
  title              = {The Labor Economics of Paid Crowdsourcing},
  booktitle          = {Proceedings of the 11th ACM Conference on Electronic Commerce},
  series             = {EC '10},
  year               = {2010},
  isbn               = {978--1-60558--822--3},
  pages              = {209--218},
  numpages           = {10},
  url                = {http://doi.acm.org/10.1145/1807342.1807376},
  doi                = {10.1145/1807342.1807376},
  acmid              = {1807376},
  publisher          = {ACM},
  keywords           = {amazon's mechanical turk, crowdsourcing, human computation},
}
@inproceedings{incentivesShaw,
  author             = {Shaw, Aaron D. and Horton, John J. and Chen, Daniel L.},
  title              = {Designing Incentives for Inexpert Human Raters},
  booktitle          = {Proceedings of the ACM 2011 Conference on Computer Supported Cooperative Work},
  series             = {CSCW '11},
  year               = {2011},
  isbn               = {978--1-4503--0556--3},
  pages              = {275--284},
  numpages           = {10},
  url                = {http://doi.acm.org/10.1145/1958824.1958865},
  doi                = {10.1145/1958824.1958865},
  acmid              = {1958865},
  publisher          = {ACM},
  keywords           = {amazon mechanical turk, content analysis, crowdsourcing, experimentation, human computation, search, sociology},
}
@article{paolacci2010running,
  title              = {Running experiments on amazon mechanical turk},
  author             = {Paolacci, Gabriele and Chandler, Jesse and Ipeirotis, Panagiotis G},
  journal            = {Judgment and Decision making},
  volume             = {5},
  number             = {5},
  pages              = {411--419},
  year               = {2010},
}
@book{gantt1913work,
  title              = {Work, wages, and profits},
  author             = {Gantt, Henry Laurence},
  year               = {1913},
  publisher          = {Engineering Magazine Co.},
}
@inproceedings{whyWouldAnyoneBrewer,
  author             = {Brewer, Robin and Morris, Meredith Ringel and Piper, Anne Marie},
  title              = {"Why Would Anybody Do This?": Understanding Older Adults' Motivations and Challenges in Crowd Work},
  booktitle          = {Proceedings of the 2016 CHI Conference on Human Factors in Computing Systems},
  series             = {CHI '16},
  year               = {2016},
  isbn               = {978--1-4503--3362--7},
  pages              = {2246--2257},
  numpages           = {12},
  url                = {http://doi.acm.org/10.1145/2858036.2858198},
  doi                = {10.1145/2858036.2858198},
  acmid              = {2858198},
  publisher          = {ACM},
  keywords           = {crowdsourcing, motivation, older adults, online work},
}
@article{irani2015cultural,
  title              = {The cultural work of microwork},
  author             = {Irani, Lilly},
  journal            = {New Media \& Society},
  volume             = {17},
  number             = {5},
  pages              = {720--739},
  year               = {2015},
  publisher          = {Sage Publications},
}
@misc{dawnDigitalSweatshopCushing,
  author             = {Cushing, Ellen},
  url                = {http://www.eastbayexpress.com/oakland/dawn-of-the-digital-sweatshop/Content?oid=3301022},
  title              = {Dawn of the Digital Sweatshop},
  month              = {8},
  year               = {2012},
}
@article{pittman2016amazon,
  title={Amazonâs Mechanical Turk a digital sweatshop? Transparency and accountability in crowdsourced online research},
  author={Pittman, Matthew and Sheehan, Kim},
  journal={Journal of media ethics},
  volume={31},
  number={4},
  pages={260--262},
  year={2016},
  publisher={Taylor \& Francis}
}
@article{Sun20111033,
  title              = {Working for one penny: Understanding why people would like to participate in online tasks with low payment },
  journal            = {Computers in Human Behavior },
  volume             = {27},
  number             = {2},
  pages              = {1033 --- 1041},
  year               = {2011},
  note               = {Web 2.0 in Travel and Tourism: Empowering and Changing the Role of Travelers },
  issn               = {0747--5632},
  doi                = {http://dx.doi.org/10.1016/j.chb.2010.12.007},
  url                = {http://www.sciencedirect.com/science/article/pii/S0747563210003742},
  author             = {Yongqiang Sun and Nan Wang and Zeyu Peng},
  keywords           = {Online working, Hedonic value, Utilitarian value, Satisfaction, Continuance intention},
}
@inproceedings{shepherdingDow,
  author             = {Dow, Steven and Kulkarni, Anand and Klemmer, Scott and Hartmann, Bj\"{o}rn},
  title              = {Shepherding the Crowd Yields Better Work},
  booktitle          = {Proceedings of the ACM 2012 Conference on Computer Supported Cooperative Work},
  series             = {CSCW '12},
  year               = {2012},
  isbn               = {978--1-4503--1086--4},
  pages              = {1013--1022},
  numpages           = {10},
  url                = {http://doi.acm.org/10.1145/2145204.2145355},
  doi                = {10.1145/2145204.2145355},
  acmid              = {2145355},
  publisher          = {ACM},
  keywords           = {crowdsourcing, feedback system, human computation, review system},
}
@misc{jonBrelig,
  url                = {https://www.youtube.com/watch?v=N3T6FyymsCw},
  title              = {Infoscout: Using Mechanical Turk to Mine Reciepts 7--23--2013},
  month              = {7},
  year               = {2013},
}
@article{pollard1963factory,
  title              = {Factory Discipline in the Industrial Revolution. 1},
  author             = {Pollard, Sidney},
  journal            = {The Economic History Review},
  volume             = {16},
  number             = {2},
  pages              = {254--271},
  year               = {1963},
  publisher          = {Wiley Online Library},
}
@book{turner2010counterculture,
  title              = {From counterculture to cyberculture: Stewart Brand, the Whole Earth Network, and the rise of digital utopianism},
  author             = {Turner, Fred},
  year               = {2010},
  publisher          = {University Of Chicago Press},
}
@article{murray1983decentralisation,
  title              = {The decentralisation of production---the decline of the mass--collective worker?},
  author             = {Murray, Fergus},
  journal            = {Capital \& Class},
  volume             = {7},
  number             = {1},
  pages              = {74--99},
  year               = {1983},
  publisher          = {SAGE Publications},
}
@article{restructuringPieceworkBaker,
  author             = {Baker, Peter},
  title              = {Production restructuring in the textiles and clothing industries},
  journal            = {New Technology, Work and Employment},
  volume             = {8},
  number             = {1},
  publisher          = {Blackwell Publishing Ltd},
  issn               = {1468--005X},
  url                = {http://dx.doi.org/10.1111/j.1468-005X.1993.tb00033.x},
  doi                = {10.1111/j.1468-005X.1993.tb00033.x},
  pages              = {43--55},
  year               = {1993},
}
@article{vezina1992light,
  title              = {When is light work heavy? Components of the physical workload of sewing machine operators working at piecework rates},
  author             = {Vezina, Nicole and Tierney, Daniel and Messing, Karen},
  journal            = {Applied Ergonomics},
  volume             = {23},
  number             = {4},
  pages              = {268--276},
  year               = {1992},
  publisher          = {Elsevier},
}
@article{pieceworkBiologicalHarm,
  title              = {Effect of duration of employment in piecework on severe disability among female garment workers},
  author             = {Brisson, Chantal and Vinet, Alain and V{\'e}zina, Michel and Gingras, Suzanne},
  journal            = {Scandinavian journal of work, environment \& health},
  pages              = {329--334},
  year               = {1989},
  publisher          = {JSTOR},
}
@article{10.2307/40965680,
  ISSN               = {03553140, 1795990X},
  URL                = {http://www.jstor.org/stable/40965680},
  author             = {Chantal Brisson, Alain Vinet, Michel VÃ©zina, Suzanne Gingras},
  journal            = {Scandinavian Journal of Work, Environment \& Health},
  number             = {5},
  pages              = {329-334},
  publisher          = {Scandinavian Journal of Work, Environment \& Health},
  title              = {Effect of duration of employment in piecework on severe disability among female garment workers},
  volume             = {15},
  year               = {1989},
}
@article{schoenberger1988fordism,
  author             = {Schoenberger, Erica},
  journal            = {Environment and Planning D: Society and Space},
  volume             = {6},
  number             = {3},
  pages              = {245--262},
  year               = {1988},
  publisher          = {SAGE Publications},
}
@article{towardsGlobalFordism,
  author             = {Lipietz,Alain},
  year               = {1982},
  month              = {3},
  title              = {Towards Global Fordism?},
  journal            = {New Left Review},
  volume             = {0},
  number             = {132},
  pages              = {33},
  note               = {Last updated --- 2013--02--24},
  keywords           = {Political Science},
  isbn               = {0028--6060},
  url                = {http://search.proquest.com/docview/1301937328?accountid=14026},
}
@article{rogstadius2011assessment,
  title              = {An Assessment of Intrinsic and Extrinsic Motivation on Task Performance in Crowdsourcing Markets.},
  author             = {Rogstadius, Jakob and Kostakos, Vassilis and Kittur, Aniket and Smus, Boris and Laredo, Jim and Vukovic, Maja},
  journal            = {ICWSM},
  volume             = {11},
  pages              = {17--21},
  year               = {2011},
}
@inproceedings{crowdForgeKittur,
  author             = {Kittur, Aniket and Smus, Boris and Khamkar, Susheel and Kraut, Robert E.},
  title              = {CrowdForge: Crowdsourcing Complex Work},
  booktitle          = {Proceedings of the 24th Annual ACM Symposium on User Interface Software and Technology},
  series             = {UIST '11},
  year               = {2011},
  isbn               = {978--1-4503--0716--1},
  pages              = {43--52},
  numpages           = {10},
  url                = {http://doi.acm.org/10.1145/2047196.2047202},
  doi                = {10.1145/2047196.2047202},
  acmid              = {2047202},
  publisher          = {ACM},
  keywords           = {coordination, crowdsourcing, distributed processing, human computation, mapreduce, mechanical turk},
}
@inproceedings{turkitLittle,
  author             = {Little, Greg and Chilton, Lydia B. and Goldman, Max and Miller, Robert C.},
  title              = {TurKit: Human Computation Algorithms on Mechanical Turk},
  booktitle          = {Proceedings of the 23Nd Annual ACM Symposium on User Interface Software and Technology},
  series             = {UIST '10},
  year               = {2010},
  isbn               = {978--1-4503--0271--5},
  pages              = {57--66},
  numpages           = {10},
  url                = {http://doi.acm.org/10.1145/1866029.1866040},
  doi                = {10.1145/1866029.1866040},
  acmid              = {1866040},
  publisher          = {ACM},
  keywords           = {human computation, mturk, toolkit},
}
@book{tolliday1986between,
  title              = {Between fordism and flexibility},
  author             = {Tolliday, Steven and Zeitlin, Jonathan},
  year               = {1986},
  publisher          = {Oxford},
}
@article{turner1952trade,
  title              = {Trade unions, differentials and the levelling of wages},
  author             = {Turner, HA},
  journal            = {The Manchester School},
  volume             = {20},
  number             = {3},
  pages              = {227--282},
  year               = {1952},
  publisher          = {Wiley Online Library},
}
@article{roy1953work,
  title              = {Work satisfaction and social reward in quota achievement: An analysis of piecework incentive},
  author             = {Roy, Donald F},
  journal            = {American Sociological Review},
  volume             = {18},
  number             = {5},
  pages              = {507--514},
  year               = {1953},
  publisher          = {JSTOR},
}
@article{levi2009union,
  title              = {Union democracy reexamined},
  author             = {Levi, Margaret and Olson, David and Agnone, Jon and Kelly, Devin},
  journal            = {Politics \& Society},
  volume             = {37},
  number             = {2},
  pages              = {203--228},
  year               = {2009},
  publisher          = {SAGE Publications},
}
@inproceedings{measuringCrowdsourcingCheng,
  author             = {Cheng, Justin and Teevan, Jaime and Bernstein, Michael S.},
  title              = {Measuring Crowdsourcing Effort with Error--Time Curves},
  booktitle          = {Proceedings of the 33rd Annual ACM Conference on Human Factors in Computing Systems},
  series             = {CHI '15},
  year               = {2015},
  isbn               = {978--1-4503--3145--6},
  pages              = {1365--1374},
  numpages           = {10},
  url                = {http://doi.acm.org/10.1145/2702123.2702145},
  doi                = {10.1145/2702123.2702145},
  acmid              = {2702145},
  publisher          = {ACM},
  keywords           = {crowdsourcing, microtasks, task effort},
}
@article{gevins2003neurophysiological,
  title              = {Neurophysiological measures of cognitive workload during human--computer interaction},
  author             = {Gevins, Alan and Smith, Michael E},
  journal            = {Theoretical Issues in Ergonomics Science},
  volume             = {4},
  number             = {1--2},
  pages              = {113--131},
  year               = {2003},
  publisher          = {Taylor \& Francis},
}
@misc{lowWagesMarketForLemons,
  author             = {Ipeirotis,Panos},
  title              = {Mechanical Turk, Low Wages, and the Market for Lemons},
  url                = {http://www.behind-the-enemy-lines.com/2010/07/mechanical-turk-low-wages-and-market.html},
  month              = {7},
  year               = {2010},
}
@article{waldinger1996helots,
  title              = {Helots no more: A case study of the Justice for Janitors campaign in Los Angeles},
  author             = {Waldinger, Roger D and
                        Erickson, Chris and
                        Milkman, Ruth and
                        Mitchell, Daniel and
                        Valenzuela, Abel and
                        Wong, Kent and
                        Zeitlan, Maurice},
  journal            = {The Ralph and Goldy Lewis Center for Regional Policy Studies},
  year               = {1996},
}
@inproceedings{takingAHITMcInnis,
  author             = {McInnis, Brian and Cosley, Dan and Nam, Chaebong and Leshed, Gilly},
  title              = {Taking a HIT: Designing Around Rejection, Mistrust, Risk, and Workers' Experiences in Amazon Mechanical Turk},
  booktitle          = {Proceedings of the 2016 CHI Conference on Human Factors in Computing Systems},
  series             = {CHI '16},
  year               = {2016},
  isbn               = {978--1-4503--3362--7},
  pages              = {2271--2282},
  numpages           = {12},
  url                = {http://doi.acm.org/10.1145/2858036.2858539},
  doi                = {10.1145/2858036.2858539},
  acmid              = {2858539},
  publisher          = {ACM},
  keywords           = {crowdsourcing, design, rejection, risk management, trust},
}
@article{mcknight1998initial,
  title              = {Initial trust formation in new organizational relationships},
  author             = {McKnight, D Harrison and Cummings, Larry L and Chervany, Norman L},
  journal            = {Academy of Management review},
  volume             = {23},
  number             = {3},
  pages              = {473--490},
  year               = {1998},
  publisher          = {Academy of Management},
}
@inproceedings{hong2015group,
  title              = {In--group questions and out--group answers: Crowdsourcing daily living advice for individuals with autism},
  author             = {Hong, Hwajung and Gilbert, Eric and Abowd, Gregory D and Arriaga, Rosa I},
  booktitle          = {Proceedings of the 33rd Annual ACM Conference on Human Factors in Computing Systems},
  pages              = {777--786},
  year               = {2015},
  organization       = {ACM},
}
@article{solinger1995chinese,
  title              = {The Chinese work unit and transient labor in the transition from socialism},
  author             = {Solinger, Dorothy J},
  journal            = {Modern China},
  volume             = {21},
  number             = {2},
  pages              = {155--183},
  year               = {1995},
  publisher          = {JSTOR},
}
@article{bechky2006gaffers,
  title              = {Gaffers, gofers, and grips: Role--based coordination in temporary organizations},
  author             = {Bechky, Beth A},
  journal            = {Organization Science},
  volume             = {17},
  number             = {1},
  pages              = {3--21},
  year               = {2006},
  publisher          = {INFORMS},
}
@article{Pickard509,
  author             = {Pickard, Galen and Pan, Wei and Rahwan, Iyad and Cebrian, Manuel and Crane, Riley and Madan, Anmol and Pentland, Alex},
  title              = {Time--Critical Social Mobilization},
  volume             = {334},
  number             = {6055},
  pages              = {509--512},
  year               = {2011},
  doi                = {10.1126/science.1205869},
  publisher          = {American Association for the Advancement of Science},
  issn               = {0036--8075},
  URL                = {http://science.sciencemag.org/content/334/6055/509},
  eprint             = {http://science.sciencemag.org/content/334/6055/509.full.pdf},
  journal            = {Science},
}
@incollection{fevre1986contract,
  title              = {Contract work in the recession},
  author             = {Fevre, Ralph},
  booktitle          = {The Changing Experience of Employment},
  pages              = {18--34},
  year               = {1986},
  publisher          = {Springer},
}
@article{kalleberg2000nonstandard,
  title              = {Nonstandard employment relations: Part--time, temporary and contract work},
  author             = {Kalleberg, Arne L},
  journal            = {Annual review of sociology},
  pages              = {341--365},
  year               = {2000},
  publisher          = {JSTOR},
}
@inproceedings{quinnbedersonTaxonomy,
  author             = {Quinn, Alexander J. and Bederson, Benjamin B.},
  title              = {Human Computation: A Survey and Taxonomy of a Growing Field},
  booktitle          = {Proceedings of the SIGCHI Conference on Human Factors in Computing Systems},
  series             = {CHI '11},
  year               = {2011},
  isbn               = {978--1-4503--0228--9},
  pages              = {1403--1412},
  numpages           = {10},
  url                = {http://doi.acm.org/10.1145/1978942.1979148},
  doi                = {10.1145/1978942.1979148},
  acmid              = {1979148},
  publisher          = {ACM},
  keywords           = {crowdsourcing, data mining, human computation, literature review, social computing, survey, taxonomy},
}
@inproceedings{geiger2011managing,
  title              = {Managing the Crowd: Towards a Taxonomy of Crowdsourcing Processes.},
  author             = {Geiger, David and Seedorf, Stefan and Schulze, Thimo and Nickerson, Robert C and Schader, Martin},
  booktitle          = {AMCIS},
  year               = {2011},
}
@inproceedings{yuenSurvey,
  author             = {M. C. Yuen and I. King and K. S. Leung},
  booktitle          = {Privacy, Security, Risk and Trust (PASSAT) and 2011 IEEE Third Inernational Conference on Social Computing (SocialCom), 2011 IEEE Third International Conference on},
  title              = {A Survey of Crowdsourcing Systems},
  year               = {2011},
  pages              = {766--773},
  keywords           = {business data processing,
                        outsourcing,
                        business production model,
                        crowdsourcing system,
                        distributed problem--solving,
                        human computation,
                        Algorithm design and analysis,
                        Computers,
                        Encyclopedias,
                        Games,
                        Humans,
                        Internet,
                        Production,
                        crowdsourcing,
                        survey},
  doi                = {10.1109/PASSAT/SocialCom.2011.203},
  month              = {10},
}
@article{IraniFromCriticalDesign,
  author             = {Irani, Lilly and Silberman, M. Six},
  title              = {From Critical Design to Critical Infrastructure: Lessons from Turkopticon},
  journal            = {interactions},
  issuedate          = {July + August 2014},
  volume             = {21},
  number             = {4},
  month              = {7},
  year               = {2014},
  issn               = {1072--5520},
  pages              = {32--35},
  numpages           = {4},
  url                = {http://doi.acm.org/10.1145/2627392},
  doi                = {10.1145/2627392},
  acmid              = {2627392},
  publisher          = {ACM},
}
@article{OlsonMakeDistanceWorkWork,
  author             = {Olson, Judith S. and Olson, Gary M.},
  title              = {How to Make Distance Work Work},
  journal            = {interactions},
  issuedate          = {March + April 2014},
  volume             = {21},
  number             = {2},
  month              = {3},
  year               = {2014},
  issn               = {1072--5520},
  pages              = {28--35},
  numpages           = {8},
  url                = {http://doi.acm.org/10.1145/2567788},
  doi                = {10.1145/2567788},
  acmid              = {2567788},
  publisher          = {ACM},
}
@incollection{kargerIterativeLearning,
  title              = {Iterative Learning for Reliable Crowdsourcing Systems},
  author             = {David R. Karger and Oh, Sewoong and Shah, Devavrat},
  booktitle          = {Advances in Neural Information Processing Systems 24},
  editor             = {J. Shawe--Taylor and R. S. Zemel and P. L. Bartlett and F. Pereira and K. Q. Weinberger},
  pages              = {1953--1961},
  year               = {2011},
  publisher          = {Curran Associates, Inc.},
  url                = {http://papers.nips.cc/paper/4396-iterative-learning-for-reliable-crowdsourcing-systems.pdf},
}
@inproceedings{mitraComparingStrategies,
  author             = {Mitra, Tanushree and Hutto, C.J. and Gilbert, Eric},
  title              = {Comparing Person- and Process--centric Strategies for Obtaining Quality Data on Amazon Mechanical Turk},
  booktitle          = {Proceedings of the 33rd Annual ACM Conference on Human Factors in Computing Systems},
  series             = {CHI '15},
  year               = {2015},
  isbn               = {978--1-4503--3145--6},
  pages              = {1345--1354},
  numpages           = {10},
  url                = {http://doi.acm.org/10.1145/2702123.2702553},
  doi                = {10.1145/2702123.2702553},
  acmid              = {2702553},
  publisher          = {ACM},
  keywords           = {crowd sourcing, experimentation, human computation, mechanical turk, micro task, qualitative coding},
}
@inproceedings{latozaCrowdDev,
  title              = {Crowd development},
  author             = {LaToza, Thomas D and Towne, W Ben and Van Der Hoek, Andr{\'e} and Herbsleb, James D},
  booktitle          = {Cooperative and Human Aspects of Software Engineering (CHASE), 2013 6th International Workshop on},
  pages              = {85--88},
  year               = {2013},
  organization       = {Citeseer},
}
@article{walker1952man,
  title              = {The man on the assembly line},
  author             = {Walker, Charles Rumford and Guest, Robert H},
  year               = {1952},
  publisher          = {JSTOR},
}
@misc{fageol1932motor,
  title              = {Motor vehicle and method of constructing the same},
  author             = {Fageol, William B},
  year               = {1932},
  month              = {12},
  publisher          = {Google Patents},
  note               = {US Patent 1,877,653},
}
@inproceedings{weld2010decision,
  title              = {Decision--theoretic control of crowd--sourced workflows},
  author             = {Weld, Peng Dai Mausam Daniel S},
  booktitle          = {Twenty--Fourth Association for the Advancement of Artificial Intelligence Conference on Artificial Intelligence},
  year               = {2010},
}
@inproceedings{suzukiAtelier,
  author             = {Suzuki, Ryo and Salehi, Niloufar and Lam, Michelle S. and Marroquin, Juan C. and Bernstein, Michael S.},
  title              = {Atelier: Repurposing Expert Crowdsourcing Tasks As Micro--internships},
  booktitle          = {Proceedings of the 2016 CHI Conference on Human Factors in Computing Systems},
  series             = {CHI '16},
  year               = {2016},
  isbn               = {978--1-4503--3362--7},
  pages              = {2645--2656},
  numpages           = {12},
  url                = {http://doi.acm.org/10.1145/2858036.2858121},
  doi                = {10.1145/2858036.2858121},
  acmid              = {2858121},
  publisher          = {ACM},
  keywords           = {crowd work, crowdsourcing, micro--internships},
}
@book{foucault1977discipline,
  title              = {Discipline and punish: The birth of the prison},
  author             = {Foucault, Michel},
  year               = {1977},
  publisher          = {Vintage},
}
@book{ahlquist2013interest,
  title              = {In the interest of others: Organizations and social activism},
  author             = {Ahlquist, John S and Levi, Margaret},
  year               = {2013},
  publisher          = {Princeton University Press},
}
@book{mccallum2013global,
  title              = {Global unions, local power: the new spirit of transnational labor organizing},
  author             = {McCallum, Jamie K},
  year               = {2013},
  publisher          = {Cornell University Press},
}
@misc{pewSharing,
  title              = {Shared, Collaborative, and On Demand: The New Digital Economy},
  author             = {Smith, Aaron},
  year               = {2016},
  month              = {5},
  publisher          = {Pew Research Center},
}
@inproceedings{yuanAlmost,
  author             = {Yuan, Alvin and Luther, Kurt and Krause, Markus and Vennix, Sophie Isabel and Dow, Steven P and Hartmann, Bjorn},
  title              = {Almost an Expert: The Effects of Rubrics and Expertise on Perceived Value of Crowdsourced Design Critiques},
  booktitle          = {Proceedings of the 19th ACM Conference on Computer--Supported Cooperative Work \& Social Computing},
  series             = {CSCW '16},
  year               = {2016},
  isbn               = {978--1-4503--3592--8},
  pages              = {1005--1017},
  numpages           = {13},
  url                = {http://doi.acm.org/10.1145/2818048.2819953},
  doi                = {10.1145/2818048.2819953},
  acmid              = {2819953},
  publisher          = {ACM},
  keywords           = {Design, critique, crowdsourcing, expertise, feedback, rubrics},
}
@inproceedings{ZhaoPrecisionCrowdsourcing,
  author             = {Zhao, Qian and Huang, Zihong and Harper, F. Maxwell and Terveen, Loren and Konstan, Joseph A.},
  title              = {Precision CrowdSourcing: Closing the Loop to Turn Information Consumers into Information Contributors},
  booktitle          = {Proceedings of the 19th ACM Conference on Computer--Supported Cooperative Work \& Social Computing},
  series             = {CSCW '16},
  year               = {2016},
  isbn               = {978--1-4503--3592--8},
  pages              = {1615--1625},
  numpages           = {11},
  url                = {http://doi.acm.org/10.1145/2818048.2819957},
  doi                = {10.1145/2818048.2819957},
  acmid              = {2819957},
  publisher          = {ACM},
  keywords           = {Crowdsourcing, Online Communities, Reciprocity},
}
@inproceedings{LykourentzouPersonalityMatters,
  author             = {Lykourentzou, Ioanna and Antoniou, Angeliki and Naudet, Yannick and Dow, Steven P.},
  title              = {Personality Matters: Balancing for Personality Types Leads to Better Outcomes for Crowd Teams},
  booktitle          = {Proceedings of the 19th ACM Conference on Computer--Supported Cooperative Work \& Social Computing},
  series             = {CSCW '16},
  year               = {2016},
  isbn               = {978--1-4503--3592--8},
  pages              = {260--273},
  numpages           = {14},
  url                = {http://doi.acm.org/10.1145/2818048.2819979},
  doi                = {10.1145/2818048.2819979},
  acmid              = {2819979},
  publisher          = {ACM},
  keywords           = {Crowsourcing, personality--based balancing, team formation},
}
@inproceedings{KucherbaevReLauncher,
  author             = {Kucherbaev, Pavel and Daniel, Florian and Tranquillini, Stefano and Marchese, Maurizio},
  title              = {ReLauncher: Crowdsourcing Micro--Tasks Runtime Controller},
  booktitle          = {Proceedings of the 19th ACM Conference on Computer--Supported Cooperative Work \& Social Computing},
  series             = {CSCW '16},
  year               = {2016},
  isbn               = {978--1-4503--3592--8},
  pages              = {1609--1614},
  numpages           = {6},
  url                = {http://doi.acm.org/10.1145/2818048.2820005},
  doi                = {10.1145/2818048.2820005},
  acmid              = {2820005},
  publisher          = {ACM},
  keywords           = {Crowdsourcing, Execution speed, Micro--tasks, Task relaunching},
}
@inproceedings{KimStoria,
  author             = {Kim, Joy and Monroy--Hern{\'a}ndez, Andr{\'e}s},
  title              = {Storia: Summarizing Social Media Content Based on Narrative Theory Using Crowdsourcing},
  booktitle          = {Proceedings of the 19th ACM Conference on Computer--Supported Cooperative Work \& Social Computing},
  series             = {CSCW '16},
  year               = {2016},
  isbn               = {978--1-4503--3592--8},
  pages              = {1018--1027},
  numpages           = {10},
  url                = {http://doi.acm.org/10.1145/2818048.2820072},
  doi                = {10.1145/2818048.2820072},
  acmid              = {2820072},
  publisher          = {ACM},
  keywords           = {Social computing, creative collaboration, crowdsourcing, storytelling},
}
@inproceedings{DongEmbracingDiversity,
  author             = {Dong, Wei and Ehrlich, Kate and Macy, Michael M. and Muller, Michael},
  title              = {Embracing Cultural Diversity: Online Social Ties in Distributed Workgroups},
  booktitle          = {Proceedings of the 19th ACM Conference on Computer--Supported Cooperative Work \& Social Computing},
  series             = {CSCW '16},
  year               = {2016},
  isbn               = {978--1-4503--3592--8},
  pages              = {274--287},
  numpages           = {14},
  url                = {http://doi.acm.org/10.1145/2818048.2835198},
  doi                = {10.1145/2818048.2835198},
  acmid              = {2835198},
  publisher          = {ACM},
  keywords           = {Culture, Distance, Geography, Homophily, MNC, SNA, Social Media, Social Networks},
}
@inproceedings{Law:2016:CKC:2858036.2858144,
  author             = {Law, Edith and Yin, Ming and Goh, Joslin and Chen, Kevin and Terry, Michael A. and Gajos, Krzysztof Z.},
  title              = {Curiosity Killed the Cat, but Makes Crowdwork Better},
  booktitle          = {Proceedings of the 2016 CHI Conference on Human Factors in Computing Systems},
  series             = {CHI '16},
  year               = {2016},
  isbn               = {978--1-4503--3362--7},
  pages              = {4098--4110},
  numpages           = {13},
  url                = {http://doi.acm.org/10.1145/2858036.2858144},
  doi                = {10.1145/2858036.2858144},
  acmid              = {2858144},
  publisher          = {ACM},
  keywords           = {crowdsourcing, curiosity, motivation},
}
@inproceedings{Nebeling:2016:WCW:2858036.2858169,
  author             = {Nebeling, Michael and
                        To, Alexandra and
                        Guo, Anhong and
                        de Freitas, Adrian A. and
                        Teevan, Jaime and
                        Dow, Steven P. and
                        Bigham, Jeffrey P.},
  title              = {WearWrite: Crowd--Assisted Writing from Smartwatches},
  booktitle          = {Proceedings of the 2016 CHI Conference on Human Factors in Computing Systems},
  series             = {CHI '16},
  year               = {2016},
  isbn               = {978--1-4503--3362--7},
  pages              = {3834--3846},
  numpages           = {13},
  url                = {http://doi.acm.org/10.1145/2858036.2858169},
  doi                = {10.1145/2858036.2858169},
  acmid              = {2858169},
  publisher          = {ACM},
  keywords           = {crowdsourcing, smartwatches, wearables, writing},
}
@book{cairns2008research,
  title={Research methods for human-computer interaction},
  author={Cairns, Paul and Cox, Anna L},
  volume={12},
  year={2008},
  publisher={Cambridge University Press Cambridge}
}
@inproceedings{Cai:2016:CRI:2858036.2858237,
  author             = {Cai, Carrie J. and Iqbal, Shamsi T. and Teevan, Jaime},
  title              = {Chain Reactions: The Impact of Order on Microtask Chains},
  booktitle          = {Proceedings of the 2016 CHI Conference on Human Factors in Computing Systems},
  series             = {CHI '16},
  year               = {2016},
  isbn               = {978--1-4503--3362--7},
  pages              = {3143--3154},
  numpages           = {12},
  url                = {http://doi.acm.org/10.1145/2858036.2858237},
  doi                = {10.1145/2858036.2858237},
  acmid              = {2858237},
  publisher          = {ACM},
  keywords           = {crowdsourcing, microtasks, selfsourcing},
}
@inproceedings{Ikeda:2016:PBP:2858036.2858327,
  author             = {Ikeda, Kazushi and Bernstein, Michael S.},
  title              = {Pay It Backward: Per--Task Payments on Crowdsourcing Platforms Reduce Productivity},
  booktitle          = {Proceedings of the 2016 CHI Conference on Human Factors in Computing Systems},
  series             = {CHI '16},
  year               = {2016},
  isbn               = {978--1-4503--3362--7},
  pages              = {4111--4121},
  numpages           = {11},
  url                = {http://doi.acm.org/10.1145/2858036.2858327},
  doi                = {10.1145/2858036.2858327},
  acmid              = {2858327},
  publisher          = {ACM},
  keywords           = {crowd work, crowdsourcing, incentives, motivation},
}
@inproceedings{Hahn:2016:KAB:2858036.2858364,
  author             = {Hahn, Nathan and Chang, Joseph and Kim, Ji Eun and Kittur, Aniket},
  title              = {The Knowledge Accelerator: Big Picture Thinking in Small Pieces},
  booktitle          = {Proceedings of the 2016 CHI Conference on Human Factors in Computing Systems},
  series             = {CHI '16},
  year               = {2016},
  isbn               = {978--1-4503--3362--7},
  pages              = {2258--2270},
  numpages           = {13},
  url                = {http://doi.acm.org/10.1145/2858036.2858364},
  doi                = {10.1145/2858036.2858364},
  acmid              = {2858364},
  publisher          = {ACM},
  keywords           = {complex workflow, crowd work, crowdsourcing, design patterns, information synthesis},
}
@inproceedings{Chang:2016:ACC:2858036.2858411,
  author             = {Chang, Joseph Chee and Kittur, Aniket and Hahn, Nathan},
  title              = {Alloy: Clustering with Crowds and Computation},
  booktitle          = {Proceedings of the 2016 CHI Conference on Human Factors in Computing Systems},
  series             = {CHI '16},
  year               = {2016},
  isbn               = {978--1-4503--3362--7},
  pages              = {3180--3191},
  numpages           = {12},
  url                = {http://doi.acm.org/10.1145/2858036.2858411},
  doi                = {10.1145/2858036.2858411},
  acmid              = {2858411},
  publisher          = {ACM},
  keywords           = {computer supported cooperative work (CSCW),
                        database access / information--retrieval,
                        empirical methods,
                        quantitative,
                        worldwide web and hypermedia},
}
@inproceedings{Newell:2016:OMA:2858036.2858490,
  author             = {Newell, Edward and Ruths, Derek},
  title              = {How One Microtask Affects Another},
  booktitle          = {Proceedings of the 2016 CHI Conference on Human Factors in Computing Systems},
  series             = {CHI '16},
  year               = {2016},
  isbn               = {978--1-4503--3362--7},
  pages              = {3155--3166},
  numpages           = {12},
  url                = {http://doi.acm.org/10.1145/2858036.2858490},
  doi                = {10.1145/2858036.2858490},
  acmid              = {2858490},
  publisher          = {ACM},
  keywords           = {bias, classifier, crowdsourcing, framing, microtask, priming, task--design},
}
@article{rosecrance1996rise,
  title              = {Rise of the Virtual State, The},
  author             = {Rosecrance, Richard},
  journal            = {Foreign Aff.},
  volume             = {75},
  pages              = {45},
  year               = {1996},
  publisher          = {HeinOnline},
}
@article{seymour1954manual,
  title              = {Manual skills and industrial productivity},
  author             = {Seymour, W Douglas},
  journal            = {Production Engineers Journal, Institution of},
  volume             = {33},
  number             = {4},
  pages              = {240--248},
  year               = {1954},
  publisher          = {IET},
}
@inproceedings{kaufmann2011more,
  title              = {More than fun and money. Worker Motivation in Crowdsourcing--A Study on Mechanical Turk.},
  author             = {Kaufmann, Nicolas and Schulze, Thimo and Veit, Daniel},
  booktitle          = {AMCIS},
  volume             = {11},
  pages              = {1--11},
  year               = {2011},
}
@article{thompson1913time,
  title              = {Time--Study and Task Work},
  author             = {Thompson, Sanford E},
  journal            = {The Journal of Political Economy},
  pages              = {377--387},
  year               = {1913},
  publisher          = {JSTOR},
}
@inproceedings{Ipeirotis:2010:QMA:1837885.1837906,
  author             = {Ipeirotis, Panagiotis G. and Provost, Foster and Wang, Jing},
  title              = {Quality Management on Amazon Mechanical Turk},
  booktitle          = {Proceedings of the ACM SIGKDD Workshop on Human Computation},
  series             = {HCOMP '10},
  year               = {2010},
  isbn               = {978-1-4503-0222-7},
  location           = {Washington DC},
  pages              = {64--67},
  numpages           = {4},
  url                = {http://doi.acm.org/10.1145/1837885.1837906},
  doi                = {10.1145/1837885.1837906},
  acmid              = {1837906},
  publisher          = {ACM},
}
@article{10.2307/23702539,
  ISSN               = {08946825},
  URL                = {http://www.jstor.org/stable/23702539},
  author             = {Carl Graves},
  journal            = {Business and Economic History},
  pages              = {124-136},
  publisher          = {Cambridge University Press},
  title              = {Applying Scientific Management Principles to Railroad Repair Shops --- the Santa Fe Experience, 1904-18},
  volume             = {10},
  year               = {1981},
}
@article{10.2307/2772323,
  ISSN               = {00029602, 15375390},
  URL                = {http://www.jstor.org/stable/2772323},
  author             = {Donald Roy},
  journal            = {American Journal of Sociology},
  number             = {5},
  pages              = {427-442},
  publisher          = {University of Chicago Press},
  title              = {Quota Restriction and Goldbricking in a Machine Shop},
  volume             = {57},
  year               = {1952},
}
@article{Brown01041990,
  author             = {Brown, Charles},
  title              = {Firms' Choice of Method of Pay},
  volume             = {43},
  number             = {3},
  pages              = {165S-182S},
  year               = {1990},
  doi                = {10.1177/001979399004300311},
  URL                = {http://ilr.sagepub.com/content/43/3/165S.abstract},
  eprint             = {http://ilr.sagepub.com/content/43/3/165S.full.pdf+html},
  journal            = {Industrial \& Labor Relations Review},
}
@inproceedings{lasecki2013chorus,
  author             = {Lasecki, Walter S. and Wesley, Rachel and Nichols, Jeffrey and Kulkarni, Anand and Allen, James F. and Bigham, Jeffrey P.},
  title              = {Chorus: A Crowd-powered Conversational Assistant},
  booktitle          = {Proceedings of the 26th Annual ACM Symposium on User Interface Software and Technology},
  series             = {UIST '13},
  year               = {2013},
  isbn               = {978-1-4503-2268-3},
  location           = {St. Andrews, Scotland, United Kingdom},
  pages              = {151--162},
  numpages           = {12},
  url                = {http://doi.acm.org/10.1145/2501988.2502057},
  doi                = {10.1145/2501988.2502057},
  acmid              = {2502057},
  publisher          = {ACM},
  keywords           = {conversational assistants, crowd-powered systems, crowdsourcing, dialog systems, human computation},
}
@inproceedings{Lasecki:2013:RCL:2441776.2441912,
  author             = {Lasecki, Walter S. and Song, Young Chol and Kautz, Henry and Bigham, Jeffrey P.},
  title              = {Real-time Crowd Labeling for Deployable Activity Recognition},
  booktitle          = {Proceedings of the 2013 Conference on Computer Supported Cooperative Work},
  series             = {CSCW '13},
  year               = {2013},
  isbn               = {978-1-4503-1331-5},
  location           = {San Antonio, Texas, USA},
  pages              = {1203--1212},
  numpages           = {10},
  url                = {http://doi.acm.org/10.1145/2441776.2441912},
  doi                = {10.1145/2441776.2441912},
  acmid              = {2441912},
  publisher          = {ACM},
  keywords           = {activity recognition, crowdsourcing, human computation},
}
@article{mavandadi2012distributed,
  title              = {Distributed medical image analysis and diagnosis through crowd-sourced games: a malaria case study},
  author             = {Mavandadi, Sam and
                        Dimitrov, Stoyan and
                        Feng, Steve and
                        Yu, Frank and
                        Sikora, Uzair and
                        Yaglidere, Oguzhan and
                        Padmanabhan, Swati and
                        Nielsen, Karin and
                        Ozcan, Aydogan},
  journal            = {PloS one},
  volume             = {7},
  number             = {5},
  pages              = {e37245},
  year               = {2012},
  publisher          = {Public Library of Science},
}
@inproceedings{Kittur:2009:CCI:1518701.1518928,
  author             = {Kittur, Aniket and Lee, Bryant and Kraut, Robert E.},
  title              = {Coordination in Collective Intelligence: The Role of Team Structure and Task Interdependence},
  booktitle          = {Proceedings of the SIGCHI Conference on Human Factors in Computing Systems},
  series             = {CHI '09},
  year               = {2009},
  isbn               = {978-1-60558-246-7},
  location           = {Boston, MA, USA},
  pages              = {1495--1504},
  numpages           = {10},
  url                = {http://doi.acm.org/10.1145/1518701.1518928},
  doi                = {10.1145/1518701.1518928},
  acmid              = {1518928},
  publisher          = {ACM},
  keywords           = {Wiki, Wikipedia, collective intelligence, coordination, social collaboration, social computing},
}
@inproceedings{Baecker:1993:UID:169059.169312,
  author             = {Baecker, Ronald M. and Nastos, Dimitrios and Posner, Ilona R. and Mawby, Kelly L.},
  title              = {The User-centered Iterative Design of Collaborative Writing Software},
  booktitle          = {Proceedings of the INTERACT '93 and CHI '93 Conference on Human Factors in Computing Systems},
  series             = {CHI '93},
  year               = {1993},
  isbn               = {0-89791-575-5},
  location           = {Amsterdam, The Netherlands},
  pages              = {399--405},
  numpages           = {7},
  url                = {http://doi.acm.org/10.1145/169059.169312},
  doi                = {10.1145/169059.169312},
  acmid              = {169312},
  publisher          = {ACM},
  keywords           = {behavioral research,
                        collaborative writing,
                        computer-supported cooperative work,
                        groupware,
                        iterative design,
                        synchronous and asynchronous writing,
                        user--centered design,
                        writing software},
} 
@article{10.2307/1562247,
  ISSN               = {00440094},
  URL                = {http://www.jstor.org/stable/1562247},
  author             = {Yochai Benkler},
  journal            = {The Yale Law Journal},
  number             = {3},
  pages              = {369-446},
  publisher          = {The Yale Law Journal Company, Inc.},
  title              = {Coase's Penguin, or, Linux and "The Nature of the Firm"},
  volume             = {112},
  year               = {2002},
}
@inproceedings{Cosley:2007:SUI:1216295.1216309,
  author             = {Cosley, Dan and Frankowski, Dan and Terveen, Loren and Riedl, John},
  title              = {SuggestBot: Using Intelligent Task Routing to Help People Find Work in Wikipedia},
  booktitle          = {Proceedings of the 12th International Conference on Intelligent User Interfaces},
  series             = {IUI '07},
  year               = {2007},
  isbn               = {1-59593-481-2},
  location           = {Honolulu, Hawaii, USA},
  pages              = {32--41},
  numpages           = {10},
  url                = {http://doi.acm.org/10.1145/1216295.1216309},
  doi                = {10.1145/1216295.1216309},
  acmid              = {1216309},
  publisher          = {ACM},
  keywords           = {Wikipedia, intelligent task routing, member-maintained communities, online communities, recommender systems},
} 
@inproceedings{bragg2013crowdsourcing,
  title              = {Crowdsourcing multi-label classification for taxonomy creation},
  author             = {Bragg, Jonathan and Weld, Daniel S and others},
  booktitle          = {First AAAI conference on human computation and crowdsourcing},
  year               = {2013},
}
@inproceedings{karnin2010crowdsourcing,
  title              = {Crowdsourcing in the document processing practice},
  author             = {Karnin, Ehud D and Walach, Eugene and Drory, Tal},
  booktitle          = {International Conference on Web Engineering},
  pages              = {408--411},
  year               = {2010},
  organization       = {Springer},
}
@book{grier2013computers,
  title              = {When computers were human},
  author             = {Grier, David Alan},
  year               = {2013},
  publisher          = {Princeton University Press},
}
@article{Maguire11042000,
  author             = {Maguire, Eleanor A. and
                        Gadian, David G. and
                        Johnsrude, Ingrid S. and
                        Good, Catriona D. and
                        Ashburner, John and
                        Frackowiak, Richard S. J. and
                        Frith, Christopher D.},
  title              = {Navigation-related structural change in the hippocampi of taxi drivers},
  volume             = {97},
  number             = {8},
  pages              = {4398-4403},
  year               = {2000},
  doi                = {10.1073/pnas.070039597},
  URL                = {http://www.pnas.org/content/97/8/4398.abstract},
  eprint             = {http://www.pnas.org/content/97/8/4398.full.pdf},
  journal            = {Proceedings of the National Academy of Sciences} ,
}
@article{Maguire2894,
  author             = {Maguire, Eleanor A. and Nannery, Rory and Spiers, Hugo J.},
  title              = {Navigation around London by a taxi driver with bilateral hippocampal lesions},
  volume             = {129},
  number             = {11},
  pages              = {2894--2907},
  year               = {2006},
  doi                = {10.1093/brain/awl286},
  publisher          = {Oxford University Press},
  issn               = {0006-8950},
  URL                = {http://brain.oxfordjournals.org/content/129/11/2894},
  eprint             = {http://brain.oxfordjournals.org/content/129/11/2894.full.pdf},
  journal            = {Brain},
}
@inproceedings{Skok:1999:KML:299513.299625,
  author             = {Skok, Walter},
  title              = {Knowledge Management: London Taxi Cabs Case Study},
  booktitle          = {Proceedings of the 1999 ACM SIGCPR Conference on Computer Personnel Research},
  series             = {SIGCPR '99},
  year               = {1999},
  isbn               = {1-58113-063-5},
  location           = {New Orleans, Louisiana, USA},
  pages              = {94--101},
  numpages           = {8},
  url                = {http://doi.acm.org/10.1145/299513.299625},
  doi                = {10.1145/299513.299625},
  acmid              = {299625},
  publisher          = {ACM},
  keywords           = {London taxi cabs, internalization, knowledge management},
}
@article{skok2000managing,
  title              = {Managing knowledge within the London taxi cab service},
  author             = {Skok, Walter},
  journal            = {Knowledge and Process Management},
  volume             = {7},
  number             = {4},
  pages              = {224},
  year               = {2000},
  publisher          = {Wiley Periodicals Inc.},
}
@article{Woollett1407,
  author             = {Woollett, Katherine and Spiers, Hugo J. and Maguire, Eleanor A.},
  title              = {Talent in the taxi: a model system for exploring expertise},
  volume             = {364},
  number             = {1522},
  pages              = {1407--1416},
  year               = {2009},
  doi                = {10.1098/rstb.2008.0288},
  publisher          = {The Royal Society},
  issn               = {0962-8436},
  journal            = {Philosophical Transactions of the Royal Society of London B: Biological Sciences},
}
@article{woollett2011acquiring,
  title              = {Acquiring âthe Knowledgeâ of London's layout drives structural brain changes},
  author             = {Woollett, Katherine and Maguire, Eleanor A},
  journal            = {Current biology},
  volume             = {21},
  number             = {24},
  pages              = {2109--2114},
  year               = {2011},
  publisher          = {Elsevier},
}
@inproceedings{silva2013traffic,
  title              = {Traffic condition is more than colored lines on a map: characterization of waze alerts},
  author             = {Silva, Thiago H and
                        de Melo, Pedro OS Vaz and
                        Viana, Aline Carneiro and
                        Almeida, Jussara M and
                        Salles, Juliana and
                        Loureiro, Antonio AF},
  booktitle          = {International Conference on Social Informatics},
  pages              = {309--318},
  year               = {2013},
  organization       = {Springer},
}
@article{hind2014outsmarting,
  title              = {'Outsmarting Traffic, Together': Driving as Social Navigation},
  author             = {Hind, Sam and Gekker, Alex},
  journal            = {Exchanges: the Warwick Research Journal},
  volume             = {1},
  number             = {2},
  pages              = {165--180},
  year               = {2014},
}
@inproceedings{Luther:2014:CCA:2556420.2556788,
  author             = {Luther, Kurt and
                        Pavel, Amy and
                        Wu, Wei and
                        Tolentino, Jari-lee and
                        Agrawala, Maneesh and
                        Hartmann, Bj\"{o}rn and
                        Dow, Steven P.},
  title              = {CrowdCrit: Crowdsourcing and Aggregating Visual Design Critique},
  booktitle          = {Proceedings of the Companion Publication of the 17th ACM Conference on Computer Supported Cooperative Work \& Social Computing},
  series             = {CSCW Companion '14},
  year               = {2014},
  isbn               = {978-1-4503-2541-7},
  location           = {Baltimore, Maryland, USA},
  pages              = {21--24},
  numpages           = {4},
  url                = {http://doi.acm.org/10.1145/2556420.2556788},
  doi                = {10.1145/2556420.2556788},
  acmid              = {2556788},
  publisher          = {ACM},
  keywords           = {critique, crowdsourcing, design, feedback, scaffolding},
} 
@inproceedings{Xu:2014:VGS:2531602.2531604,
  author             = {Xu, Anbang and Huang, Shih-Wen and Bailey, Brian},
  title              = {Voyant: Generating Structured Feedback on Visual Designs Using a Crowd of Non-experts},
  booktitle          = {Proceedings of the 17th ACM Conference on Computer Supported Cooperative Work \& Social Computing},
  series             = {CSCW '14},
  year               = {2014},
  isbn               = {978-1-4503-2540-0},
  location           = {Baltimore, Maryland, USA},
  pages              = {1433--1444},
  numpages           = {12},
  url                = {http://doi.acm.org/10.1145/2531602.2531604},
  doi                = {10.1145/2531602.2531604},
  acmid              = {2531604},
  publisher          = {ACM},
  keywords           = {creativity, critique, crowdsourcing, design, feedback},
} 
@inproceedings{Kinnaird:2012:WTM:2389176.2389219,
  author             = {Kinnaird, Peter and Dabbish, Laura and Kiesler, Sara},
  title              = {Workflow Transparency in a Microtask Marketplace},
  booktitle          = {Proceedings of the 17th ACM International Conference on Supporting Group Work},
  series             = {GROUP '12},
  year               = {2012},
  isbn               = {978-1-4503-1486-2},
  location           = {Sanibel Island, Florida, USA},
  pages              = {281--284},
  numpages           = {4},
  url                = {http://doi.acm.org/10.1145/2389176.2389219},
  doi                = {10.1145/2389176.2389219},
  acmid              = {2389219},
  publisher          = {ACM},
  keywords           = {crowdsourcing, cscw, entitativity, productivity, task motivation, visualization, workflow},
}
@article{zacks2001perceiving,
  title              = {Perceiving, remembering, and communicating structure in events.},
  author             = {Zacks, Jeffrey M and Tversky, Barbara and Iyer, Gowri},
  journal            = {Journal of Experimental Psychology: General},
  volume             = {130},
  number             = {1},
  pages              = {29},
  year               = {2001},
  publisher          = {American Psychological Association},
}
@inproceedings{Vaish:2014:TCC:2611222.2556996,
  author             = {Vaish, Rajan and Wyngarden, Keith and Chen, Jingshu and Cheung, Brandon and Bernstein, Michael S.},
  title              = {Twitch Crowdsourcing: Crowd Contributions in Short Bursts of Time},
  booktitle          = {Proceedings of the 32Nd Annual ACM Conference on Human Factors in Computing Systems},
  series             = {CHI '14},
  year               = {2014},
  isbn               = {978-1-4503-2473-1},
  location           = {Toronto, Ontario, Canada},
  pages              = {3645--3654},
  numpages           = {10},
  url                = {http://doi.acm.org/10.1145/2556288.2556996},
  doi                = {10.1145/2556288.2556996},
  acmid              = {2556996},
  publisher          = {ACM},
  keywords           = {crowdsourcing, microtasking, mobile crowdsourcing},
}
@inproceedings{Cai:2015:WLW:2702123.2702267,
  author             = {Cai, Carrie J. and Guo, Philip J. and Glass, James R. and Miller, Robert C.},
  title              = {Wait-Learning: Leveraging Wait Time for Second Language Education},
  booktitle          = {Proceedings of the 33rd Annual ACM Conference on Human Factors in Computing Systems},
  series             = {CHI '15},
  year               = {2015},
  isbn               = {978-1-4503-3145-6},
  location           = {Seoul, Republic of Korea},
  pages              = {3701--3710},
  numpages           = {10},
  url                = {http://doi.acm.org/10.1145/2702123.2702267},
  doi                = {10.1145/2702123.2702267},
  acmid              = {2702267},
  publisher          = {ACM},
  keywords           = {micro-learning, second language learning, wait-learning},
}
@book{american1921problem,
  title              = {The problem of piece work},
  author             = {B.M. Jewell},
  number             = {nos. 1-16},
  lccn               = {21019136},
  series             = {The Problem of Piece Work},
  url                = {https://books.google.com/books?id=NN5NAQAAIAAJ},
  year               = {1921},
  publisher          = {Bronson Canode Print. Co.},
}
@article{10.2307/2338394,
  ISSN               = {09595341},
  URL                = {http://www.jstor.org/stable/2338394},
  author             = {Edwin Chadwick},
  journal            = {Journal of the Statistical Society of London},
  number             = {1},
  pages              = {1-33},
  publisher          = {[Royal Statistical Society, Wiley]},
  title              = {Openi,
                        at the Meeting of the National Association for the Promotion of Social Science,
                        held at York, in September, 1864},
  volume             = {28},
  year               = {1865},
}
@book{hughRaynbirdTaskWork,
  author             = {Hugh Raynbird},
  title              = {Essay on Measure Work, locally known as task, piece, job, or grate work (in its application to agricultural labour)},
  journal            = {Royal Agricultural Society Journal},
  year               = {1847},
}
@article{JOHS:JOHS086,
  author             = {Staples, Clifford L. and Staples, William G.},
  title              = {``A Strike of Girls'': Gender and Class in the British Metal Trades, 1913},
  journal            = {Journal of Historical Sociology},
  volume             = {12},
  number             = {2},
  publisher          = {Blackwell Publishers Ltd.},
  issn               = {1467-6443},
  url                = {http://dx.doi.org/10.1111/1467-6443.00086},
  doi                = {10.1111/1467-6443.00086},
  pages              = {158--180},
  year               = {1999},
}
@inproceedings{richards1904anything,
  title              = {Is Anything the Matter with Piecework},
  author             = {Richards, Frank},
  year               = {1904},
  organization       = {ASME},
}
@article{10.2307/3003414,
  ISSN               = {0361915X},
  URL                = {http://www.jstor.org/stable/3003414},
  author             = {Martin L. Weitzman},
  journal            = {The Bell Journal of Economics},
  number             = {1},
  pages              = {302-308},
  publisher          = {[RAND Corporation, Wiley]},
  title              = {The "Ratchet Principle" and Performance Incentives},
  volume             = {11},
  year               = {1980},
}
@article{Figlio2007901,
  title              = {Individual teacher incentives and student performance},
  author             = {Figlio, David N and Kenny, Lawrence W},
  journal            = {Journal of Public Economics},
  volume             = {91},
  number             = {5},
  pages              = {901--914},
  year               = {2007},
  publisher          = {Elsevier},
}
@article{weitzman1976new,
  title              = {The new Soviet incentive model},
  author             = {Weitzman, Martin L},
  journal            = {The Bell Journal of Economics},
  pages              = {251--257},
  year               = {1976},
  publisher          = {JSTOR},
}
@article{BJIR:BJIR038,
  author             = {Heywood, John S. and Siebert, W. S. and Wei, Xiangdong},
  title              = {Payment by Results Systems: British Evidence},
  journal            = {British Journal of Industrial Relations},
  volume             = {35},
  number             = {1},
  publisher          = {Blackwell Publishers Ltd},
  issn               = {1467-8543},
  url                = {http://dx.doi.org/10.1111/1467-8543.00038},
  doi                = {10.1111/1467-8543.00038},
  pages              = {1--22},
  year               = {1997},
}
@article{hart2013rise,
  title              = {The rise and fall of piecework--timework wage differentials: market volatility, labor heterogeneity, and output pricing},
  author             = {Hart, Robert A and Roberts, J Elizabeth},
  year               = {2013},
  publisher          = {University of Stirling},
}
@article{hart2016rise,
  title              = {the rise and fall of piecework},
  author             = {Hart, Robert A and others},
  journal            = {IZA World of Labor},
  year               = {2016},
  publisher          = {Institute for the Study of Labor (IZA)},
}
@inbook{doi:10.1108/S0147-9121(2012)0000035042,
  author             = {John H. Pencavel},
  title              = {Work Effort, on-the-Job Screening, and Alternative Methods of Remuneration},
  booktitle          = {35th Anniversary Retrospective},
  pages              = {537-570},
  doi                = {10.1108/S0147-9121(2012)0000035042},
  URL                = {http://www.emeraldinsight.com/doi/abs/10.1108/S0147-9121%282012%290000035042},
  eprint             = {http://www.emeraldinsight.com/doi/pdf/10.1108/S0147-9121%282012%290000035042},
}
@article{rowan1901premium,
  title              = {A Premium System of Remunerating Labour},
  author             = {Rowan, James},
  journal            = {Proceedings of the Institution of Mechanical Engineers},
  volume             = {61},
  number             = {1},
  pages              = {865--882},
  year               = {1901},
  publisher          = {SAGE Publications},
}
@article{10.2307/3827491,
  ISSN               = {00425222, 15272052},
  URL                = {http://www.jstor.org/stable/3827491},
  author             = {Lowell J. Satre},
  journal            = {Victorian Studies},
  number             = {1},
  pages              = {7-31},
  publisher          = {Indiana University Press},
  title              = {After the Match Girls' Strike: Bryant and May in the 1890s},
  volume             = {26},
  year               = {1982},
}
@article{10.2307/1123701,
  ISSN               = {00101958},
  URL                = {http://www.jstor.org/stable/1123701},
  author             = {John Fabian Witt},
  journal            = {Columbia Law Review},
  number             = {1},
  pages              = {1-49},
  publisher          = {Columbia Law Review Association, Inc.},
  title              = {Speedy Fred Taylor and the Ironies of Enterprise Liability},
  volume             = {103},
  year               = {2003},
}
@article{10.2307/27508091,
  ISSN               = {00236942},
  URL                = {http://www.jstor.org/stable/27508091},
  author             = {Hagan, J. and Fisher, C.},
  journal            = {Labour History},
  number             = {25},
  pages              = {19-39},
  publisher          = {Australian Society for the Study of Labour History, Inc.},
  title              = {Piece Work and Some of Its Consequences in the Printing and Coal Mining Industries in Australia, 1850-1930},
  year               = {1973},
}
@book{burton1899commercial,
  title              = {The Commercial Management of Engineering Works},
  author             = {Burton, Francis G},
  year               = {1899},
  publisher          = {Scientific Publishing Company},
}
@book{norton1900textile,
  title              = {Textile Manufacturers' Book-keeping for the Counting House, Mill and Warehouse:,
                        Being a Practical Treatise,
                        Specially Designed for the Woollen and Worsted and Allied Trades},
  author             = {Norton, George Pepler},
  year               = {1900},
  publisher          = {Simpkin, Marshall, Hamilton, Kent and Company},
}
@book{clark1908cotton,
  title              = {Cotton Textile Trade in Turkish Empire, Greece, and Italy},
  author             = {Clark, William Alexander Graham},
  volume             = {10},
  year               = {1908},
  publisher          = {US Government Printing Office},
}
@article{10.2307/2221944,
  ISSN               = {00130133, 14680297},
  URL                = {http://www.jstor.org/stable/2221944},
  author             = {D. H. Robertson},
  journal            = {The Economic Journal},
  number             = {87},
  pages              = {365-387},
  publisher          = {[Royal Economic Society, Wiley]},
  title              = {A Narrative of the Coal Strike},
  volume             = {22},
  year               = {1912},
}
@article{10.2307/41829256,
  ISSN               = {23291354, 23291362},
  URL                = {http://www.jstor.org/stable/41829256},
  author             = {Boris Emmet},
  journal            = {Monthly Review of the U.S. Bureau of Labor Statistics},
  number             = {1},
  pages              = {27-39},
  publisher          = {Bureau of Labor Statistics, U.S. Department of Labor},
  title              = {Trade Agreements In The Women's Clothing Industries Of Philadelphia},
  volume             = {6},
  year               = {1918},
}
@article{jacoby1983union,
  title              = {Union--management cooperation in the United States: Lessons from the 1920s},
  author             = {Jacoby, Sanford M},
  journal            = {Industrial \& Labor Relations Review},
  volume             = {37},
  number             = {1},
  pages              = {18--33},
  year               = {1983},
  publisher          = {SAGE Publications},
}
@article{10.2307/764957,
  ISSN               = {87566222, 14657341},
  URL                = {http://www.jstor.org/stable/764957},
  author             = {Bengt Holmstrom, Paul Milgrom},
  journal            = {Journal of Law, Economics, \& Organization},
  pages              = {24-52},
  publisher          = {Oxford University Press},
  title              = {Multitask Principal-Agent Analyses: Incentive Contracts, Asset Ownership, and Job Design},
  volume             = {7},
  year               = {1991},
}
@article{10.2307/2118435,
  ISSN               = {00335533, 15314650},
  URL                = {http://www.jstor.org/stable/2118435},
  author             = {Boal, William M. and John Pencavel},
  journal            = {The Quarterly Journal of Economics},
  number             = {1},
  pages              = {267-298},
  publisher          = {Oxford University Press},
  title              = {The Effects of Labor Unions on Employment, Wages, and Days of Operation: Coal Mining in West Virginia},
  volume             = {109},
  year               = {1994},
}
@article{aguaded2013mooc,
  title              = {The MOOC Revolution: A new form of education from the technological paradigm},
  author             = {Aguaded-G{\'o}mez, J Ignacio},
  journal            = {Comunicar},
  volume             = {41},
  number             = {21},
  pages              = {7--8},
  year               = {2013},
}
@misc{uberHourly,
  author             = {Uber},
  title              = {Am I guaranteed an hourly amount?},
  month              = {9},
  year               = {2016},
  url                = {https://help.uber.com/h/274c3327-3a4d-4b0a-9059-6755e6145813},
}
@misc{lyftHourly,
  author             = {Lyft},
  title              = {Average Hourly Guarantees},
  month              = {9},
  year               = {2016},
  url                = {https://help.lyft.com/hc/en-us/articles/214218157-Average-Hourly-Guarantees},
}
@inproceedings{Kulkarni:2015:PRP:2724660.2724670,
  author             = {Kulkarni, Chinmay E. and Bernstein, Michael S. and Klemmer, Scott R.},
  title              = {PeerStudio: Rapid Peer Feedback Emphasizes Revision and Improves Performance},
  booktitle          = {Proceedings of the Second (2015) ACM Conference on Learning @ Scale},
  series             = {L@S '15},
  year               = {2015},
  isbn               = {978-1-4503-3411-2},
  location           = {Vancouver, BC, Canada},
  pages              = {75--84},
  numpages           = {10},
  url                = {http://doi.acm.org/10.1145/2724660.2724670},
  doi                = {10.1145/2724660.2724670},
  acmid              = {2724670},
  publisher          = {ACM},
  keywords           = {deliberate practice, mastery learning, mooc, peer assessment, peer learning},
}
@incollection{Bigham2014,
  author             = {Bigham, Jeffrey P. and Bernstein, Michael S. and Adar, Eytan},
  booktitle          = {Handbook of Collective Intelligence},
  isbn               = {9780262029810},
  pages              = {57--84},
  publisher          = {MIT Press},
  title              = {{Human-Computer Interaction and Collective Intelligence}},
  url                = {http://repository.cmu.edu/cgi/viewcontent.cgi?article=1264{\&}context=hcii},
  year               = {2015},
}
@inproceedings{vizwiz,
  author             = {Bigham, Jeffrey P. and
                        Jayant, Chandrika and
                        Ji, Hanjie and
                        Little, Greg and
                        Miller, Andrew and
                        Miller, Robert C. and
                        Miller, Robin and
                        Tatarowicz, Aubrey and
                        White, Brandyn and
                        White, Samual and
                        Yeh, Tom},
  title              = {VizWiz: Nearly Real-time Answers to Visual Questions},
  booktitle          = {Proceedings of the 23Nd Annual ACM Symposium on User Interface Software and Technology},
  series             = {UIST '10},
  year               = {2010},
  isbn               = {978-1-4503-0271-5},
  location           = {New York, New York, USA},
  pages              = {333--342},
  numpages           = {10},
  url                = {http://doi.acm.org/10.1145/1866029.1866080},
  doi                = {10.1145/1866029.1866080},
  acmid              = {1866080},
  publisher          = {ACM},
  keywords           = {blind users, non-visual interfaces, real-time human computation},
}
@inproceedings{Jung:2016:SFG:2851581.2892328,
  author             = {Jung, Jiwon and
                        Yoon, Susik and
                        Kim, SeungHyun and
                        Park, SangKeun and
                        Lee, Kun-Pyo and
                        Lee, Uichin},
  title              = {Social or Financial Goals?: Comparative Analysis of User Behaviors in Couchsurfing and Airbnb},
  booktitle          = {Proceedings of the 2016 CHI Conference Extended Abstracts on Human Factors in Computing Systems},
  series             = {CHI EA '16},
  year               = {2016},
  isbn               = {978-1-4503-4082-3},
  location           = {Santa Clara, California, USA},
  pages              = {2857--2863},
  numpages           = {7},
  url                = {http://doi.acm.org/10.1145/2851581.2892328},
  doi                = {10.1145/2851581.2892328},
  acmid              = {2892328},
  publisher          = {ACM},
  keywords           = {airbnb, couchsurfing, non-monetary, participation motivation, sharing economy},
}
@inproceedings{noronha2011platemate,
  author             = {Noronha, Jon and Hysen, Eric and Zhang, Haoqi and Gajos, Krzysztof Z.},
  title              = {Platemate: Crowdsourcing Nutritional Analysis from Food Photographs},
  booktitle          = {Proceedings of the 24th Annual ACM Symposium on User Interface Software and Technology},
  series             = {UIST '11},
  year               = {2011},
  isbn               = {978-1-4503-0716-1},
  location           = {Santa Barbara, California, USA},
  pages              = {1--12},
  numpages           = {12},
  url                = {http://doi.acm.org/10.1145/2047196.2047198},
  doi                = {10.1145/2047196.2047198},
  acmid              = {2047198},
  publisher          = {ACM},
  keywords           = {amazon mechanical turk, crowdsourcing, human computation, nutrition, remote food photography},
}
@inproceedings{Antin2012a,
  author             = {Antin, Judd and Shaw, Aaron},
  title              = {Social Desirability Bias and Self-reports of Motivation: A Study of Amazon Mechanical Turk in the US and India},
  booktitle          = {Proceedings of the SIGCHI Conference on Human Factors in Computing Systems},
  series             = {CHI '12},
  year               = {2012},
  isbn               = {978-1-4503-1015-4},
  location           = {Austin, Texas, USA},
  pages              = {2925--2934},
  numpages           = {10},
  url                = {http://doi.acm.org/10.1145/2207676.2208699},
  doi                = {10.1145/2207676.2208699},
  acmid              = {2208699},
  publisher          = {ACM},
  keywords           = {amazon mechanical turk, crowdsourcing, distributed work, motivation, social desirability},
}
@inproceedings{le2010ensuring,
  title              = {Ensuring quality in crowdsourced search relevance evaluation: The effects of training question distribution},
  author             = {Le, John and Edmonds, Andy and Hester, Vaughn and Biewald, Lukas},
  booktitle          = {SIGIR 2010 workshop on crowdsourcing for search evaluation},
  pages              = {21--26},
  year               = {2010},
}
@inproceedings{Sheng:2008:GLI:1401890.1401965,
  author             = {Sheng, Victor S. and Provost, Foster and Ipeirotis, Panagiotis G.},
  title              = {Get Another Label? Improving Data Quality and Data Mining Using Multiple, Noisy Labelers},
  booktitle          = {Proceedings of the 14th ACM SIGKDD International Conference on Knowledge Discovery and Data Mining},
  series             = {KDD '08},
  year               = {2008},
  isbn               = {978-1-60558-193-4},
  location           = {Las Vegas, Nevada, USA},
  pages              = {614--622},
  numpages           = {9},
  url                = {http://doi.acm.org/10.1145/1401890.1401965},
  doi                = {10.1145/1401890.1401965},
  acmid              = {1401965},
  publisher          = {ACM},
  keywords           = {data preprocessing, data selection},
} 
@book{malinowski2002argonauts,
  title              = {Argonauts of the Western Pacific: An account of native enterprise and adventure in the archipelagoes of Melanesian New Guinea},
  author             = {Malinowski, Bronislaw},
  year               = {2002},
  publisher          = {Routledge},
}
@book{mead1973coming,
  title              = {Coming of age in Samoa},
  author             = {Mead, Margaret and Boas, Franz},
  year               = {1973},
  publisher          = {Penguin},
}
@book{boas1940race,
  title              = {Race, language, and culture},
  author             = {Boas, Franz},
  year               = {1940},
  publisher          = {University of Chicago Press},
}
@inproceedings{siangliulue2015toward,
  author             = {Siangliulue, Pao and Arnold, Kenneth C. and Gajos, Krzysztof Z. and Dow, Steven P.},
  title              = {Toward Collaborative Ideation at Scale: Leveraging Ideas from Others to Generate More Creative and Diverse Ideas},
  booktitle          = {Proceedings of the 18th ACM Conference on Computer Supported Cooperative Work \& Social Computing},
  series             = {CSCW '15},
  year               = {2015},
  isbn               = {978-1-4503-2922-4},
  location           = {Vancouver, BC, Canada},
  pages              = {937--945},
  numpages           = {9},
  url                = {http://doi.acm.org/10.1145/2675133.2675239},
  doi                = {10.1145/2675133.2675239},
  acmid              = {2675239},
  publisher          = {ACM},
  keywords           = {collaborative ideation, creativity, inspirational examples},
} 
@inproceedings{lasecki2012real,
  author             = {Lasecki, Walter and
                        Miller, Christopher and
                        Sadilek, Adam and
                        Abumoussa, Andrew and
                        Borrello, Donato and
                        Kushalnagar, Raja and
                        Bigham, Jeffrey},
   title             = {Real-time Captioning by Groups of Non-experts},
   booktitle         = {Proceedings of the 25th Annual ACM Symposium on User Interface Software and Technology},
   series            = {UIST '12},
   year              = {2012},
   isbn              = {978-1-4503-1580-7},
   location          = {Cambridge, Massachusetts, USA},
   pages             = {23--34},
   numpages          = {12},
   url               = {http://doi.acm.org/10.1145/2380116.2380122},
   doi               = {10.1145/2380116.2380122},
   acmid             = {2380122},
   publisher         = {ACM},
   keywords          = {captioning, crowdsourcing, deaf, hard of hearing, real-time, text alignment, transcription},
} 
@inproceedings{Kim2017,
  author             = {Kim, Joy and Sterman, Sarah and Cohen, Allegra Argent Beal and Bernstein, Michael S},
  booktitle          = {Proceedings of the 20th ACM Conference on Computer Supported Cooperative Work $\backslash${\&} Social Computing},
  title              = {{Mechanical Novel: Crowdsourcing Complex Work through Revision}},
  year               = {2017},
}
@inproceedings{Lasecki2011,
  author             = {Lasecki, Walter S. and Murray, Kyle I. and White, Samuel and Miller, Robert C. and Bigham, Jeffrey P.},
  title              = {Real-time Crowd Control of Existing Interfaces},
  booktitle          = {Proceedings of the 24th Annual ACM Symposium on User Interface Software and Technology},
  series             = {UIST '11},
  year               = {2011},
  isbn               = {978-1-4503-0716-1},
  location           = {Santa Barbara, California, USA},
  pages              = {23--32},
  numpages           = {10},
  url                = {http://doi.acm.org/10.1145/2047196.2047200},
  doi                = {10.1145/2047196.2047200},
  acmid              = {2047200},
  publisher          = {ACM},
  keywords           = {crowdsourcing, real-time crowd control, real-time human computation, remote control},
} @inproceedings{kairam2016parting,
  author             = {Kairam, Sanjay and Heer, Jeffrey},
  title              = {Parting Crowds: Characterizing Divergent Interpretations in Crowdsourced Annotation Tasks},
  booktitle          = {Proceedings of the 19th ACM Conference on Computer-Supported Cooperative Work \& Social Computing},
  series             = {CSCW '16},
  year               = {2016},
  isbn               = {978-1-4503-3592-8},
  location           = {San Francisco, California, USA},
  pages              = {1637--1648},
  numpages           = {12},
  url                = {http://doi.acm.org/10.1145/2818048.2820016},
  doi                = {10.1145/2818048.2820016},
  acmid              = {2820016},
  publisher          = {ACM},
  keywords           = {Amazon Mechanical Turk, Crowdsourcing, annotation, clustering, natural language processing, user studies},
} 
@inproceedings{Yu2016b,
  author             = {Yu, Lixiu and Kittur, Aniket and Kraut, Robert E.},
  title              = {Encouraging ``Outside- The- Box'' Thinking in Crowd Innovation Through Identifying Domains of Expertise},
  booktitle          = {Proceedings of the 19th ACM Conference on Computer-Supported Cooperative Work \& Social Computing},
  series             = {CSCW '16},
  year               = {2016},
  isbn               = {978-1-4503-3592-8},
  location           = {San Francisco, California, USA},
  pages              = {1214--1222},
  numpages           = {9},
  url                = {http://doi.acm.org/10.1145/2818048.2820025},
  doi                = {10.1145/2818048.2820025},
  acmid              = {2820025},
  publisher          = {ACM},
  keywords           = {Crowdsourcing, design, idea generation, problem solving},
}
@inproceedings{rzeszotarski2011instrumenting,
  author             = {Rzeszotarski, Jeffrey M. and Kittur, Aniket},
  title              = {Instrumenting the Crowd: Using Implicit Behavioral Measures to Predict Task Performance},
  booktitle          = {Proceedings of the 24th Annual ACM Symposium on User Interface Software and Technology},
  series             = {UIST '11},
  year               = {2011},
  isbn               = {978-1-4503-0716-1},
  location           = {Santa Barbara, California, USA},
  pages              = {13--22},
  numpages           = {10},
  url                = {http://doi.acm.org/10.1145/2047196.2047199},
  doi                = {10.1145/2047196.2047199},
  acmid              = {2047199},
  publisher          = {ACM},
  keywords           = {crowdsourcing, event logging, mechanical turk, performance, user behavior, user logging},
}
@inproceedings{rzeszotarski2012crowdscape,
  author             = {Rzeszotarski, Jeffrey and Kittur, Aniket},
  title              = {CrowdScape: Interactively Visualizing User Behavior and Output},
  booktitle          = {Proceedings of the 25th Annual ACM Symposium on User Interface Software and Technology},
  series             = {UIST '12},
  year               = {2012},
  isbn               = {978-1-4503-1580-7},
  location           = {Cambridge, Massachusetts, USA},
  pages              = {55--62},
  numpages           = {8},
  url                = {http://doi.acm.org/10.1145/2380116.2380125},
  doi                = {10.1145/2380116.2380125},
  acmid              = {2380125},
  publisher          = {ACM},
  keywords           = {crowdsourcing, event logging, interfaces, performance, quality control, user behavior, visualization},
} 
@inproceedings{dai2015and,
  author             = {Dai, Peng and Rzeszotarski, Jeffrey M. and Paritosh, Praveen and Chi, Ed H.},
  title              = {And Now for Something Completely Different: Improving Crowdsourcing Workflows with Micro-Diversions},
  booktitle          = {Proceedings of the 18th ACM Conference on Computer Supported Cooperative Work \& Social Computing},
  series             = {CSCW '15},
  year               = {2015},
  isbn               = {978-1-4503-2922-4},
  location           = {Vancouver, BC, Canada},
  pages              = {628--638},
  numpages           = {11},
  url                = {http://doi.acm.org/10.1145/2675133.2675260},
  doi                = {10.1145/2675133.2675260},
  acmid              = {2675260},
  publisher          = {ACM},
  keywords           = {crowdsourcing, human computation, user experience},
}
@inproceedings{callison2014crowd,
  title              = {Crowd-workers: Aggregating information across turkers to help them find higher paying work},
  author             = {Callison-Burch, Chris},
  booktitle          = {Second AAAI Conference on Human Computation and Crowdsourcing},
  year               = {2014},
}
@inproceedings{Yu2016a,
  author             = {Yu, Lixiu and Kittur, Aniket and Kraut, Robert E.},
  booktitle          = {Proceedings of the 19th ACM Conference on Computer-Supported Cooperative Work {\&} Social Computing},
  doi                = {10.1145/2556288.2557371},
  isbn               = {9781450324731},
  keywords           = {analogy,creativity,crowdsourcing,innovation,schema},
  pages              = {1236--1245},
  publisher          = {ACM},
  series             = {CSCW '16},
  title              = {{Distributed Analogical Idea Generation with Multiple Constraints}},
  url                = {http://dl.acm.org/citation.cfm?id=2611105.2557371},
  year               = {2016},
}@inproceedings{hata2017glimpse,
  title              = {A Glimpse Far into the Future: Understanding Long-term Crowd Worker Accuracy},
  author             = {Hata, Kenji and Krishna, Ranjay and Fei-Fei, Li and Bernstein, Michael},
  booktitle          = {CSCW: Computer-Supported Cooperative Work and Social Computing},
  year               = {2017},
}
@inproceedings{crowdguilds,
  title              = {Crowd Guilds: Worker-led Reputation and Feedback on Crowdsourcing Platforms},
  author             = {Whiting, Mark E. and
                        Gamage, Dilrukshi and
                        Gilbee, Aaron and
                        Gaikwad, Snehal and
                        Goyal, Shirish and
                        Ballav, Alipta and
                        Majeti, Dinesh and
                        Chhibber, Nalin and
                        Vargus, Freddie and
                        Moura, Teo and
                        Fuller, Angela Richmond and
                        Chandrakanthan, Varshine and
                        Kalejaiye, Gabriel Bayomi Tinoco and
                        Sarma, Tejas Seshadri and
                        Dayan, Yoni and
                        Ginzberg, Adam and
                        Kambal, Mohammed Hashim and
                        Milland, Kristy and
                        Parsi, Sayna and
                        Mullings, Catherine A. and
                        Orefice, Henrique and
                        Matin, Sekandar and
                        Sehgal, Vibhor and
                        Zhou, Sharon and
                        Sinha, Akshansh and
                        Regino, Jeff and
                        Vaish, Rajan and
                        Bernstein, Michael S.},
  booktitle          = {CSCW: Computer-Supported Cooperative Work and Social Computing},
  year               = {2017},
}
@book{bewley1999wages,
  title              = {Why wages don't fall during a recession},
  author             = {Bewley, Truman F},
  year               = {1999},
  publisher          = {Harvard University Press},
}
@article{SJOE:SJOE371,
  author             = {Agell, Jonas},
  title              = {Why are Small Firms Different? Managersâ Views},
  journal            = {Scandinavian Journal of Economics},
  volume             = {106},
  number             = {3},
  publisher          = {Blackwell Publishing Ltd/Inc.},
  issn               = {1467-9442},
  url                = {http://dx.doi.org/10.1111/j.0347-0520.2004.00371.x},
  doi                = {10.1111/j.0347-0520.2004.00371.x},
  pages              = {437--452},
  keywords           = {Firm-size effect, motivation, relative pay, field survey, matched data , J30, J41},
  year               = {2004},
}
@article{10.2307/2118041,
  ISSN               = {00028282},
  URL                = {http://www.jstor.org/stable/2118041},
  author             = {Bengt Holmstrom, Paul Milgrom},
  journal            = {The American Economic Review},
  number             = {4},
  pages              = {972-991},
  publisher          = {American Economic Association},
  title              = {The Firm as an Incentive System},
  volume             = {84},
  year               = {1994},
}
@article{10.2307/2555446,
  ISSN               = {07416261},
  URL                = {http://www.jstor.org/stable/2555446},
  author             = {Anderson, Erin and Schmittlein, David C.},
  journal            = {The RAND Journal of Economics},
  number             = {3},
  pages              = {385-395},
  publisher          = {[RAND Corporation, Wiley]},
  title              = {Integration of the Sales Force: An Empirical Examination},
  volume             = {15},
  year               = {1984},
}
@misc{bighamHalfWorkday,
  title              = {My MTurk (half) Workday},
  url                = {http://www.cs.cmu.edu/~jbigham/posts/2014/half-workday-as-turker.html},
  author             = {Bigham, Jeffrey},
  month              = {7},
  year               = {2014},
}
@misc{weyer1894history,
  title              = {The History of Trade Unionism},
  author             = {Webb, Sidney and Webb, Beatrice},
  year               = {1894}
}
@book{webb1920history,
  title              = {The history of trade unionism},
  author             = {Webb, Sidney and Webb, Beatrice},
  year               = {1920},
  publisher          = {Longmans: Green},
}
@article{davies2014origins,
  title              = {The origins of the ideal worker: The separation of work and home in the United States from the market revolution to 1950},
  author             = {Davies, Andrea Rees and Frink, Brenda D},
  journal            = {Work and Occupations},
  volume             = {41},
  number             = {1},
  pages              = {18--39},
  year               = {2014},
  publisher          = {Sage Publications},
}
@book{honey1985creating,
  title              = {Creating Rosie the Riveter: class, gender, and propaganda during World War II},
  author             = {Honey, Maureen},
  year               = {1985},
  publisher          = {Univ of Massachusetts Press},
}
@article{rittel1973dilemmas,
  title              = {Dilemmas in a general theory of planning},
  author             = {Rittel, Horst WJ and Webber, Melvin M},
  journal            = {Policy sciences},
  volume             = {4},
  number             = {2},
  pages              = {155--169},
  year               = {1973},
  publisher          = {Springer},
}
@article{fuge2014analysis,
  title              = {Analysis of collaborative design networks: A case study of openideo},
  author             = {Fuge, Mark and Tee, Kevin and Agogino, Alice and Maton, Nathan},
  journal            = {Journal of Computing and Information Science in Engineering},
  volume             = {14},
  number             = {2},
  pages              = {021009},
  year               = {2014},
  publisher          = {American Society of Mechanical Engineers},
}
@inproceedings{agapie2015crowdsourcing,
  title              = {Crowdsourcing in the field: A case study using local crowds for event reporting},
  author             = {Agapie, Elena and Teevan, Jaime and Monroy--Hern{\'a}ndez, Andr{\'e}s},
  booktitle          = {Third AAAI Conference on Human Computation and Crowdsourcing},
  year               = {2015},
}
@inproceedings{andre2014crowd,
  author             = {Andr{\'e}, Paul and Kittur, Aniket and Dow, Steven P.},
  title              = {Crowd Synthesis: Extracting Categories and Clusters from Complex Data},
  booktitle          = {Proceedings of the 17th ACM Conference on Computer Supported Cooperative Work \& Social Computing},
  series             = {CSCW '14},
  year               = {2014},
  isbn               = {978-1-4503-2540-0},
  location           = {Baltimore, Maryland, USA},
  pages              = {989--998},
  numpages           = {10},
  url                = {http://doi.acm.org/10.1145/2531602.2531653},
  doi                = {10.1145/2531602.2531653},
  acmid              = {2531653},
  publisher          = {ACM},
  keywords           = {categorization, classification, clustering, crowd, synthesis},
}
@inproceedings{luther2015crowdlines,
  title              = {Crowdlines: Supporting Synthesis of Diverse Information Sources through Crowdsourced Outlines},
  author             = {Luther, Kurt and Hahn, Nathan and Dow, Steven P and Kittur, Aniket},
  booktitle          = {Third AAAI Conference on Human Computation and Crowdsourcing},
  year               = {2015},
}
@inproceedings{introne2011climate,
  title              = {The Climate CoLab: Large scale model-based collaborative planning},
  author             = {Introne, Joshua and Laubacher, Robert and Olson, Gary and Malone, Thomas},
  booktitle          = {Collaboration Technologies and Systems (CTS), 2011 International Conference on},
  pages              = {40--47},
  year               = {2011},
  organization       = {IEEE},
}
@article{haas2015argonaut,
  title              = {Argonaut: macrotask crowdsourcing for complex data processing},
  author             = {Haas, Daniel and Ansel, Jason and Gu, Lydia and Marcus, Adam},
  journal            = {Proceedings of the VLDB Endowment},
  volume             = {8},
  number             = {12},
  pages              = {1642--1653},
  year               = {2015},
  publisher          = {VLDB Endowment},
}
@article{myers2000past,
  author             = {Myers, Brad and Hudson, Scott E. and Pausch, Randy},
  title              = {Past, Present, and Future of User Interface Software Tools},
  journal            = {ACM Trans. Comput.-Hum. Interact.},
  issue_date         = {March 2000},
  volume             = {7},
  number             = {1},
  month              = {3},
  year               = {2000},
  issn               = {1073-0516},
  pages              = {3--28},
  numpages           = {26},
  url                = {http://doi.acm.org/10.1145/344949.344959},
  doi                = {10.1145/344949.344959},
  acmid              = {344959},
  publisher          = {ACM},
  keywords           = {event languages, interface builders, scripting languages, toolkits, user interface development environments, user interface software},
} 
@inproceedings{latoza2014microtask,
  author             = {LaToza, Thomas D. and Towne, W. Ben and Adriano, Christian M. and van der Hoek, Andr{\'e}},
  title              = {Microtask Programming: Building Software with a Crowd},
  booktitle          = {Proceedings of the 27th Annual ACM Symposium on User Interface Software and Technology},
  series             = {UIST '14},
  year               = {2014},
  isbn               = {978-1-4503-3069-5},
  location           = {Honolulu, Hawaii, USA},
  pages              = {43--54},
  numpages           = {12},
  url                = {http://doi.acm.org/10.1145/2642918.2647349},
  doi                = {10.1145/2642918.2647349},
  acmid              = {2647349},
  publisher          = {ACM},
  keywords           = {crowdsourcing, development environment, programming tools},
}
@inproceedings{Fast2016,
  author             = {Fast, Ethan and Bernstein, Michael S.},
  title              = {Meta: Enabling Programming Languages to Learn from the Crowd},
  booktitle          = {Proceedings of the 29th Annual Symposium on User Interface Software and Technology},
  series             = {UIST '16},
  year               = {2016},
  isbn               = {978-1-4503-4189-9},
  location           = {Tokyo, Japan},
  pages              = {259--270},
  numpages           = {12},
  url                = {http://doi.acm.org/10.1145/2984511.2984532},
  doi                = {10.1145/2984511.2984532},
  acmid              = {2984532},
  publisher          = {ACM},
  keywords           = {crowdsourcing, programming tools, social computing},
}
@inproceedings{Chen2016,
  author             = {Chen, Yan and Oney, Steve and Lasecki, Walter S.},
  booktitle          = {Proceedings of the 2016 CHI Conference on Human Factors in Computing Systems},
  doi                = {10.1145/2858036.2858512},
  isbn               = {978-1-4503-3362-7},
  keywords           = {crowdsourcing,intelligent assistants,pair programming},
  pages              = {3192--3203},
  publisher          = {ACM},
  series             = {CHI '16},
  title              = {{Towards Providing On-Demand Expert Support for Software Developers}},
  url                = {http://doi.acm.org/10.1145/2858036.2858512},
  year               = {2016},
}
@article{engelbart2001augmenting,
  title              = {Augmenting human intellect: a conceptual framework (1962)},
  author             = {Engelbart, Douglas C},
  journal            = {PACKER, Randall and JORDAN, Ken. Multimedia. From Wagner to Virtual Reality. New York: WW Norton \& Company},
  pages              = {64--90},
  year               = {2001},
}
@article{kulkarni2012mobileworks,
  title              = {Mobileworks: Designing for quality in a managed crowdsourcing architecture},
  author             = {Kulkarni, Anand and Gutheim, Philipp and Narula, Prayag and Rolnitzky, David and Parikh, Tapan and Hartmann, Bj{\"o}rn},
  journal            = {IEEE Internet Computing},
  volume             = {16},
  number             = {5},
  pages              = {28--35},
  year               = {2012},
  publisher          = {IEEE},
}
@article{ipeirotis2010demographics,
  title              = {Demographics of mechanical turk},
  author             = {Ipeirotis, Panagiotis G},
  year               = {2010},
  publisher          = {NYU working paper},
}
@inproceedings{gupta2014turk,
  author             = {Gupta, Neha and Martin, David and Hanrahan, Benjamin V. and O'Neill, Jacki},
  title              = {Turk-Life in India},
  booktitle          = {Proceedings of the 18th International Conference on Supporting Group Work},
  series             = {GROUP '14},
  year               = {2014},
  isbn               = {978-1-4503-3043-5},
  location           = {Sanibel Island, Florida, USA},
  pages              = {1--11},
  numpages           = {11},
  url                = {http://doi.acm.org/10.1145/2660398.2660403},
  doi                = {10.1145/2660398.2660403},
  acmid              = {2660403},
  publisher          = {ACM},
  keywords           = {amazon mechanical turk (amt), crowdsourcing, crowdworkers, ethnography, relationship-based crowdsourcing, requesters, turkers},
}
@inproceedings{yin2016communication,
  title              = {The Communication Network Within the Crowd},
  author             = {Yin, Ming and Gray, Mary L and Suri, Siddharth and Vaughan, Jennifer Wortman},
  booktitle          = {Proceedings of the 25th International Conference on World Wide Web},
  pages              = {1293--1303},
  year               = {2016},
  organization       = {International World Wide Web Conferences Steering Committee},
}
@misc{activistsHuffPoLawsuit,
  url                = {http://www.forbes.com/sites/jeffbercovici/2011/04/12/aol-huffpo-suit-seeks-105m-this-is-about-justice},
  author             = {Bercovici, Jeff},
  title              = {AOL--Huffpo Suit Seeks \$105M: `This Is About Justice'},
  month              = {4},
  year               = {2011},
}
@misc{uberPropaganda,
  url                = {https://www.socialeurope.eu/2016/07/sharing-economy-not-shaping-employment-platform-capitalism/},
  author             = {Drahokoupil, Jan and Fabo, Brian},
  title              = {The Sharing Economy That Is Not: Shaping Employment In Platform Capitalism},
  month              = {7},
  year               = {2016},
}
@misc{indiaStrikeAlJazeera,
  url                = {http://www.aljazeera.com/news/2016/09/millions-indian-workers-strike-wages-160902131706206.html},
  title              = {Millions of Indian workers strike for better wages},
  month              = {9},
  year               = {2016},
}
@misc{indiaStrikeIndustriall,
  url                = {http://www.industriall-union.org/unity-in-action-100-million-indian-workers-take-strike-action},
  title              = {Unity in action: 100 million Indian workers take strike action},
  month              = {9},
  year               = {2016},
}
@misc{indiaStrikeRealNews,
  url                = {http://therealnews.com/t2/index.php?option=com_content&task=view&id=31&Itemid=74&jumival=17170},
  title              = {150 Million Indian Workers Take Part In Largest Strike in Centuries},
  month              = {9},
  year               = {2016},
}
@article{edelman2015racial,
  title              = {Racial Discrimination in the Sharing Economy: Evidence from a Field Experiment},
  author             = {Edelman, Benjamin G and Luca, Michael and Svirsky, Dan},
  journal            = {Harvard Business School NOM Unit Working Paper},
  number             = {16-069},
  year               = {2015},
}
@article{clark1986referring,
  title              = {Referring as a collaborative process},
  author             = {Clark, Herbert H and Wilkes-Gibbs, Deanna},
  journal            = {Cognition},
  volume             = {22},
  number             = {1},
  pages              = {1--39},
  year               = {1986},
  publisher          = {Elsevier},
}
@Article{Gemkow2011,
  author             = {Gemkow, Simon and Neugart, Michael},
  title              = {Referral hiring, endogenous social networks, and inequality: an agent--based analysis},
  journal            = {Journal of Evolutionary Economics},
  year               = {2011},
  volume             = {21},
  number             = {4},
  pages              = {703--719},
  issn               = {1432--1386},
  doi                = {10.1007/s00191-011-0219-3},
  url                = {http://dx.doi.org/10.1007/s00191-011-0219-3},
}
@inproceedings{Lee:2013:SHA:2470654.2470770,
  author             = {Lee, Yu-Hao and Hsieh, Gary},
  title              = {Does Slacktivism Hurt Activism?: The Effects of Moral Balancing and Consistency in Online Activism},
  booktitle          = {Proceedings of the SIGCHI Conference on Human Factors in Computing Systems},
  series             = {CHI '13},
  year               = {2013},
  isbn               = {978-1-4503-1899-0},
  location           = {Paris, France},
  pages              = {811--820},
  numpages           = {10},
  url                = {http://doi.acm.org/10.1145/2470654.2470770},
  doi                = {10.1145/2470654.2470770},
  acmid              = {2470770},
  publisher          = {ACM},
  keywords           = {consistency, moral balancing, online petitions, slacktivism},
} 
@article{gleason2013occupy,
  title              = {\# Occupy Wall Street: Exploring informal learning about a social movement on Twitter},
  author             = {Gleason, Benjamin},
  journal            = {American Behavioral Scientist},
  pages              = {0002764213479372},
  year               = {2013},
  publisher          = {Sage Publications},
}
@article{segerberg2011social,
  title              = {Social media and the organization of collective action: Using Twitter to explore the ecologies of two climate change protests},
  author             = {Segerberg, Alexandra and Bennett, W Lance},
  journal            = {The Communication Review},
  volume             = {14},
  number             = {3},
  pages              = {197--215},
  year               = {2011},
  publisher          = {Taylor \& Francis},
}
@misc{savagemindsSubjectivity,
  titile             = {Photographs, fieldnotes, and subjectivity},
  author             = {Ryan Anderson},
  month              = {4},
  year               = {2011},
  url                = {http://savageminds.org/2011/05/17/photographs-fieldnotes-and-subjectivity/},
}
@inproceedings{Hamilton:2014:STF:2611105.2557048,
  author             = {Hamilton, William A. and Garretson, Oliver and Kerne, Andruid},
  title              = {Streaming on Twitch: Fostering Participatory Communities of Play Within Live Mixed Media},
  booktitle          = {Proceedings of the 32Nd Annual ACM Conference on Human Factors in Computing Systems},
  series             = {CHI '14},
  year               = {2014},
  isbn               = {978-1-4503-2473-1},
  location           = {Toronto, Ontario, Canada},
  pages              = {1315--1324},
  numpages           = {10},
  url                = {http://doi.acm.org/10.1145/2556288.2557048},
  doi                = {10.1145/2556288.2557048},
  acmid              = {2557048},
  publisher          = {ACM},
  keywords           = {ethnography, live streaming, online communities, third places, twitch, video games},
} 
@inproceedings{Kaytoue:2012:WMP:2187980.2188259,
  author             = {Kaytoue, Mehdi and Silva, Arlei and Cerf, Lo\"{\i}c and Meira,Jr., Wagner and Ra\"{\i}ssi, Chedy},
  title              = {Watch Me Playing, I Am a Professional: A First Study on Video Game Live Streaming},
  booktitle          = {Proceedings of the 21st International Conference on World Wide Web},
  series             = {WWW '12 Companion},
  year               = {2012},
  isbn               = {978-1-4503-1230-1},
  location           = {Lyon, France},
  pages              = {1181--1188},
  numpages           = {8},
  url                = {http://doi.acm.org/10.1145/2187980.2188259},
  doi                = {10.1145/2187980.2188259},
  acmid              = {2188259},
  publisher          = {ACM},
  keywords           = {e-sport, popularity prediction, ranking, social community, starcraft ii, twitch.tv, video game},
}
@inproceedings{Zhang:2015:CIL:2736084.2736091,
  author             = {Zhang, Cong and Liu, Jiangchuan},
  title              = {On Crowdsourced Interactive Live Streaming: A Twitch.Tv-based Measurement Study},
  booktitle          = {Proceedings of the 25th ACM Workshop on Network and Operating Systems Support for Digital Audio and Video},
  series             = {NOSSDAV '15},
  year               = {2015},
  isbn               = {978-1-4503-3352-8},
  location           = {Portland, Oregon},
  pages              = {55--60},
  numpages           = {6},
  url                = {http://doi.acm.org/10.1145/2736084.2736091},
  doi                = {10.1145/2736084.2736091},
  acmid              = {2736091},
  publisher          = {ACM},
  keywords           = {Twitch.tv, crowdsourced live streaming, interactive latency, view statistics},
}
@book{harrison1990drawing,
  title              = {Drawing a circle in the square: street performing in New York's Washington Square Park},
  author             = {Harrison-Pepper, Sally},
  year               = {1990},
  publisher          = {Univ Pr of Mississippi},
}
@book{cohen1998radical,
  title              = {Radical street performance: An international anthology},
  author             = {Cohen-Cruz, Jan},
  year               = {1998},
  publisher          = {Cambridge Univ Press},
}
@book{groemer2016street,
  title              = {Street Performers and Society in Urban Japan, 1600-1900: The Beggar's Gift},
  author             = {Groemer, Gerald},
  year               = {2016},
  publisher          = {Routledge},
}
@book{osorio2009teatro,
  title              = {El teatro est{\'a} en la calle: dis{\'\i}miles est{\'e}ticas del teatro callejero},
  author             = {Osorio, Carlos Araque},
  year               = {2009},
}
@book{mason1992street,
  title              = {Street theatre and other outdoor performance},
  author             = {Mason, Bim},
  year               = {1992},
  publisher          = {Taylor \& Francis},
}
@article{williamson2016,
  title              = {On the Ethics of Crowdsourced Research},
  doi                = {10.1017/S104909651500116X},
  publisher          = {Cambridge University Press},
  author             = {Vanessa Williamson},
  volume             = {49},
  number             = {1},
  pages              = {77-81},
  year               = {2016},
  month              = {001},
  day                = {001},
  url                = {https://www.cambridge.org/core/article/on-the-ethics-of-crowdsourced-research/B1BDFB1111B416DD0B71540CD6E7D94F},
  journal            = {PS: Political Science \& Politics},
}
@book{rosenberg1994exploring,
  title              = {Exploring the black box: Technology, economics, and history},
  author             = {Rosenberg, Nathan},
  year               = {1994},
  publisher          = {Cambridge University Press},
}
@book{rosenberg1982inside,
  title              = {Inside the black box: technology and economics},
  author             = {Rosenberg, Nathan},
  year               = {1982},
  publisher          = {Cambridge University Press},
}
@book{parker1920casual,
  title              = {The Casual Laborer: And Other Essays},
  author             = {Parker, Carleton Hubbell and Parker, Mrs Cornelia Stratton},
  volume             = {3},
  year               = {1920},
  publisher          = {Harcourt, Brace and Howe},
}
@book{taylor1914principles,
  title              = {The principles of scientific management},
  author             = {Taylor, Frederick Winslow},
  year               = {1911},
  publisher          = {Harper},
}
@Book{RePEc:mtp:titles:0262612062,
  author             = {Robert Kanigel},
  title              = {{The One Best Way: Frederick Winslow Taylor and the Enigma of Efficiency}},
  publisher          = {The MIT Press},
  year               = {2005},
  month              = {3},
  volume             = {1},
  number             = {0262612062},
  series             = {MIT Press Books},
  keywords           = {Taylorism; efficiency},
  isbn               = {ARRAY(0x79a62d28)},
  url                = {https://ideas.repec.org/b/mtp/titles/0262612062.html},
}
@book{nadworny1955scientific,
  title              = {Scientific management and the unions, 1900-1932; a historical analysis},
  author             = {Nadworny, Milton J},
  year               = {1955},
  publisher          = {Harvard University Press},
}
@book{geertz1973interpretation,
  title              = {The interpretation of cultures: Selected essays},
  author             = {Geertz, Clifford},
  volume             = {5019},
  year               = {1973},
  publisher          = {Basic books},
}
@article{roy1954efficiency,
  title              = {Efficiency and ``the fix": Informal intergroup relations in a piecework machine shop},
  author             = {Roy, Donald},
  journal            = {American journal of sociology},
  pages              = {255--266},
  year               = {1954},
  publisher          = {JSTOR},
}
@article{hart2005piecework,
  title              = {Piecework Versus Timework in British Wartime Engineering},
  author             = {Hart, Robert A},
  year               = {2005},
  publisher          = {IZA Discussion Paper},
}
@article{carlson1982time,
  title              = {Time rates tighten their grip on manufacturing industries},
  author             = {Carlson, Norma W},
  journal            = {Monthly Lab. Rev.},
  volume             = {105},
  pages              = {15},
  year               = {1982},
  publisher          = {HeinOnline},
}
@book{booth1903life,
  title              = {Life and Labour of the People in London},
  author             = {Booth, Charles},
  volume             = {8},
  year               = {1903},
  publisher          = {Macmillan and Company}
}
@article{Faraj2006a,
  author             = {Faraj, Samer and Xiao, Yan},
  journal            = {Management Science},
  keywords           = {Coordination},
  number             = {8},
  pages              = {1155--1169},
  title              = {{Coordination in Fast-Response Organizations}},
  url                = {http://mansci.journal.informs.org/content/52/8/1155.short},
  volume             = {52},
  year               = {2006}
}
@book{edmondson2012teaming,
  address            = {San Francisco, California},
  author             = {Edmondson, Amy C.},
  publisher          = {John Wiley {\&} Sons},
  title              = {{Teaming: How organizations learn, innovate, and compete in the knowledge economy}},
  year               = {2012}
}
@unpublished{Horton2015a,
  author             = {Horton, John J. and Stern, Leonard N. and Golden, Joseph M.},
  booktitle          = {Working paper},
  pages              = {1--31},
  title              = {{Reputation Inflation: Evidence from an Online Labor Market}},
  year               = {2015}
}
@paper{AAAIW113995,
  author             = {David Oleson and Alexander Sorokin and Greg Laughlin and Vaughn Hester and John Le and Lukas Biewald},
  title              = {Programmatic Gold: Targeted and Scalable Quality Assurance in Crowdsourcing},
  conference         = {AAAI Workshops},
  year               = {2011},
  keywords           = {},
  url                = {http://www.aaai.org/ocs/index.php/WS/AAAIW11/paper/view/3995}
}
@incollection{stigler1962information,
  title              = {Information in the labor market},
  author             = {Stigler, George J},
  booktitle          = {Investment in Human Beings},
  pages              = {94--105},
  year               = {1962},
  publisher          = {The Journal of Political Economy Vol. LXX, No. 5, Part 2 (University of Chicago Press)}
}
@article{kassi2016online,
  title              = {Online Labour Index: Measuring the Online Gig Economy for Policy and Research},
  author             = {K{\"a}ssi, Otto and Lehdonvirta, Vili},
  year               = {2016}
}
@article{de2015crowdsourcing,
  title              = {Crowdsourcing, the Gig-Economy, and the Law},
  author             = {De Stefano, Valerio},
  journal            = {Comp. Lab. L. \& Pol'y J.},
  volume             = {37},
  pages              = {461},
  year               = {2015},
  publisher          = {HeinOnline}
}

@article{taylor1896piece,
  title              = {A piece rate system},
  author             = {Taylor, Frederick Winslow},
  journal            = {Economic Studies},
  volume             = {1},
  number             = {2},
  pages              = {89},
  year               = {1896},
  publisher          = {Macmillan for the American Economic Association}
}
@article{Parigi:2016:GE:3026779.3013496,
  author             = {Parigi, Paolo and Ma, Xiao},
  title              = {The Gig Economy},
  journal            = {XRDS},
  issue_date         = {Winter 2016},
  volume             = {23},
  number             = {2},
  month              = {12},
  year               = {2016},
  issn               = {1528-4972},
  pages              = {38--41},
  numpages           = {4},
  url                = {http://doi.acm.org/10.1145/3013496},
  doi                = {10.1145/3013496},
  acmid              = {3013496},
  publisher          = {ACM},
  address            = {New York, NY, USA},
} 
@inproceedings{pieceworkCrowdworkGigwork,
  author             = {Alkhatib, Ali and Bernstein, Michael S. and Levi, Margaret},
  title              = {Examining Crowd Work and Gig Work Through The Historical Lens of Piecework},
  booktitle          = {Proceedings of the 2017 CHI Conference on Human Factors in Computing Systems},
  series             = {CHI '17},
  year               = {2017},
  isbn               = {978-1-4503-4655-9},
  location           = {Denver, Colorado, USA},
  venue              = {Denver, Colorado, USA},
  pages              = {4599--4616},
  numpages           = {18},
  url                = {http://doi.acm.org/10.1145/3025453.3025974},
  doi                = {10.1145/3025453.3025974},
  acmid              = {3025974},
  publisher          = {ACM},
  address            = {New York, NY, USA},
} 
@inproceedings{Zyskowski:2015:ACU:2675133.2675158,
  author             = {Zyskowski, Kathryn and
                        Morris, Meredith Ringel and
                        Bigham, Jeffrey P. and
                        Gray, Mary L. and
                        Kane, Shaun K.},
  title              = {Accessible Crowdwork?: Understanding the Value in and Challenge of Microtask Employment for People with Disabilities},
  booktitle          = {Proceedings of the 18th ACM Conference on Computer Supported Cooperative Work \&\#38; Social Computing},
  series             = {CSCW '15},
  year               = {2015},
  isbn               = {978-1-4503-2922-4},
  location           = {Vancouver, BC, Canada},
  pages              = {1682--1693},
  numpages           = {12},
  url                = {http://doi.acm.org/10.1145/2675133.2675158},
  doi                = {10.1145/2675133.2675158},
  acmid              = {2675158},
  publisher          = {ACM},
  address            = {New York, NY, USA},
  keywords           = {accessibility, crowdsourcing, employment, grounded theory, mechanical turk},
} 
@misc{pewSharing24percent,
  url={http://www.pewinternet.org/2016/11/17/gig-work-online-selling-and-home-sharing/},
  author             = {Smith, Aaron},
  title              = {Gig Work, Online Selling and Home Sharing},
  month              = {11},
  year               = {2016},
}
@inproceedings{Law:2017:CTR:2998181.2998197,
  author             = {Law, Edith and Gajos, Krzysztof Z. and Wiggins, Andrea and Gray, Mary L. and Williams, Alex},
  title              = {Crowdsourcing As a Tool for Research: Implications of Uncertainty},
  booktitle          = {Proceedings of the 2017 ACM Conference on Computer Supported Cooperative Work and Social Computing},
  series             = {CSCW '17},
  year               = {2017},
  isbn               = {978-1-4503-4335-0},
  location           = {Portland, Oregon, USA},
  pages              = {1544--1561},
  numpages           = {18},
  url                = {http://doi.acm.org/10.1145/2998181.2998197},
  doi                = {10.1145/2998181.2998197},
  acmid              = {2998197},
  publisher          = {ACM},
  address            = {New York, NY, USA},
  keywords           = {citizen science, crowdsourcing for research, interviews},
} 
@article{shklovski2012secretly,
  title              = {Secretly political: Civic engagement in online publics in Kazakhstan},
  author             = {Shklovski, Irina and Valtysson, Bjarki},
  journal            = {Journal of Broadcasting \& Electronic Media},
  volume             = {56},
  number             = {3},
  pages              = {417--433},
  year               = {2012},
  publisher          = {Taylor \& Francis}
}
@book{habermas1991structural,
  title              = {The structural transformation of the public sphere: An inquiry into a category of bourgeois society},
  author             = {Habermas, J{\"u}rgen},
  year               = {1991},
  publisher          = {MIT press}
}
@book{dewey2012public,
  title              = {The public and its problems: An essay in political inquiry},
  author             = {Dewey, John and Rogers, Melvin L},
  year               = {2012},
  publisher          = {Penn State Press}
}
@article{disalvo2009design,
  title              = {Design and the Construction of Publics},
  author             = {DiSalvo, Carl},
  journal            = {Design issues},
  volume             = {25},
  number             = {1},
  pages              = {48--63},
  year               = {2009},
  publisher          = {MIT Press}
}
@misc{youtubeDramaResponses,
  title              = {YouTubers Respond To Maker Studiosâ Decision To Drop PewDiePie},
  author             = {Gutelle, Sam},
  year               = {2017},
  month              = {2},
  url                = {https://www.wsj.com/articles/disney-severs-ties-with-youtube-star-pewdiepie-after-anti-semitic-posts-1487034533}
}
@misc{h3h3Lawsuit,
  author             = {Fruzsina Eordogh},
  month              = {5},
  year               = {2016},
  title              = {Popular YouTubers H3H3 Productions Prepare To Defend Fair Use in Lawsuit},
  url                = {https://www.forbes.com/sites/fruzsinaeordogh/2016/05/26/popular-youtubers-h3h3-productions-prepare-to-defend-fair-use-in-lawsuit/#52823e763695}
}
@misc{vineWantsMoney,
  author             = {Alex Kantrowitz},
  title              = {Vine Stars Want To Be Paid, And Twitter Is Considering It},
  month              = {3},
  year               = {2016},
  url                = {https://www.buzzfeed.com/alexkantrowitz/twitter-in-discussions-with-top-vine-creators-about-payment?utm_term=.dba736oxw#.yjEWwJNg1},
}
@misc{vineInsiderMeeting,
  author             = {Taylor Lorenz},
  title              = {Inside the secret meeting that changed the fate of Vine forever},
  month              = {10},
  year               = {2016},
  url                = {https://mic.com/articles/157977/inside-the-secret-meeting-that-changed-the-fate-of-vine-forever#.5BDcd70xv},
}
@article{10.2307/779456,
  ISSN               = {02763605},
  author             = {Lawrence Gushee},
  journal            = {Black Music Research Journal},
  number             = {1},
  pages              = {1-24},
  publisher          = {University of Illinois Press},
  title              = {The Nineteenth-Century Origins of Jazz},
  volume             = {14},
  year               = {1994}
}
@article{boyd2007youth,
  title              = {Why youth (heart) social network sites: The role of networked publics in teenage social life},
  author             = {boyd, danah},
  journal            = {MacArthur foundation series on digital learning--Youth, identity, and digital media volume},
  pages              = {119--142},
  year               = {2007},
  publisher          = {MIT press Cambridge, MA}
}
@article{kim2012institutionalization,
  title              = {The institutionalization of YouTube: From user-generated content to professionally generated content},
  author             = {Kim, Jin},
  journal            = {Media, Culture \& Society},
  volume             = {34},
  number             = {1},
  pages              = {53--67},
  year               = {2012},
  publisher          = {Sage Publications}
}
@article {Hilderbrand48,
  author             = {Hilderbrand, Lucas},
  title              = {Youtube: Where Cultural Memory and Copyright Converge},
  volume             = {61},
  number             = {1},
  pages              = {48--57},
  year               = {2007},
  doi                = {10.1525/fq.2007.61.1.48},
  publisher          = {University of California Press Journals},
  issn               = {0015-1386},
  URL                = {http://fq.ucpress.edu/content/61/1/48},
  eprint             = {http://fq.ucpress.edu/content/61/1/48.full.pdf},
  journal            = {Film Quarterly}
}
@misc{vineDecline,
  author             = {LaFrance, Adrienne},
  title              = {Is Vine Dying?},
  month              = {5},
  year               = {2016},
  url                = {https://www.theatlantic.com/technology/archive/2016/05/vines-death-knell-gets-louder/484301/}
}
@article{doi:10.1177/1461444809342738,
  author             = {Tarleton Gillespie},
  title              = {The politics of âplatformsâ},
  journal            = {New Media \& Society},
  volume             = {12},
  number             = {3},
  pages              = {347-364},
  year               = {2010},
  doi                = {10.1177/1461444809342738},
  URL                = {http://dx.doi.org/10.1177/1461444809342738},
}

@inproceedings{goto2016understanding,
  title              = {Understanding Crowdsourcing Workflow: Modeling and Optimizing Iterative and Parallel Processes},
  author             = {Goto, Shinsuke and Ishida, Toru and Lin, Donghui},
  booktitle          = {Fourth AAAI Conference on Human Computation and Crowdsourcing},
  year               = {2016}
}
@Inbook{Wyche2006,
  author             = {Wyche, Susan and Sengers, Phoebe and Grinter, Rebecca E.},
  editor             = {Dourish, Paul and Friday, Adrian},
  title              = {Historical Analysis: Using the Past to Design the Future},
  bookTitle          = {UbiComp 2006: Ubiquitous Computing: 8th International Conference, UbiComp 2006 Orange County, CA, USA, September 17--21, 2006 Proceedings},
  year               = {2006},
  publisher          = {Springer Berlin Heidelberg},
  address            = {Berlin, Heidelberg},
  pages              = {35--51},
  isbn               = {978-3-540-39635-2},
  doi                = {10.1007/11853565_3},
  url                = {http://dx.doi.org/10.1007/11853565_3}
}

@article{bodker1993historical,
  title              = {Historical analysis and conflicting perspectivesâcontextualizing HCI},
  author             = {B{\o}dker, Susanne},
  journal            = {Human-Computer Interaction},
  pages              = {1--10},
  year               = {1993},
  publisher          = {Springer}
}

@article{dillon1996user,
  title              = {User analysis in HCIâthe historical lessons from individual differences research},
  author             = {Dillon, Andrew and Watson, Charles},
  journal            = {International Journal of Human-Computer Studies},
  volume             = {45},
  number             = {6},
  pages              = {619--637},
  year               = {1996},
  publisher          = {Elsevier}
}
@inproceedings{Kim:2014:CSI:2556288.2556986,
  author             = {Kim, Juho and
                        Nguyen, Phu Tran and
                        Weir, Sarah and
                        Guo, Philip J. and
                        Miller, Robert C. and
                        Gajos, Krzysztof Z.},
  title              = {Crowdsourcing Step-by-step Information Extraction to Enhance Existing How-to Videos},
  booktitle          = {Proceedings of the SIGCHI Conference on Human Factors in Computing Systems},
  series             = {CHI '14},
  year               = {2014},
  isbn               = {978-1-4503-2473-1},
  location           = {Toronto, Ontario, Canada},
  pages              = {4017--4026},
  numpages           = {10},
  url                = {http://doi.acm.org/10.1145/2556288.2556986},
  doi                = {10.1145/2556288.2556986},
  acmid              = {2556986},
  publisher          = {ACM},
  address            = {New York, NY, USA},
  keywords           = {crowdsourcing, how-to videos, video annotation.},
} 
@inproceedings{Lasecki:2014:LSR:2661334.2661352,
  author             = {Lasecki, Walter S. and Kushalnagar, Raja and Bigham, Jeffrey P.},
  title              = {Legion Scribe: Real-time Captioning by Non-experts},
  booktitle          = {Proceedings of the 16th International ACM SIGACCESS Conference on Computers \& Accessibility},
  series             = {ASSETS '14},
  year               = {2014},
  isbn               = {978-1-4503-2720-6},
  location           = {Rochester, New York, USA},
  pages              = {303--304},
  numpages           = {2},
  url                = {http://doi.acm.org/10.1145/2661334.2661352},
  doi                = {10.1145/2661334.2661352},
  acmid              = {2661352},
  publisher          = {ACM},
  address            = {New York, NY, USA},
  keywords           = {captioning, crowdsourcing, deaf, hard of hearing, real-time human computation, speech-to-text},
} 
@article{doi:10.2307/1883615,
  author             = {Cunningham, William J.},
  title              = {Scientific Management in the Operation of Railroads},
  journal            = {The Quarterly Journal of Economics},
  volume             = {25},
  number             = {3},
  pages              = {539},
  year               = {1911},
  doi                = {10.2307/1883615},
  URL                = {http://dx.doi.org/10.2307/1883615},
}
@Book{gilbreth1911motion,
  title              = {Motion study},
  publisher          = {Constable London},
  year               = {1911},
  author             = {Gilbreth, Frank Bunker and Kent, Robert Thurston},
}
@misc{wealthyChineseUberDrivers,
  title              = {For China's upper middle class, driving for Uber is a cure for loneliness},
  author             = {Huang,Zheping},
  year               = {2016},
  month              = {2},
  url                = {https://qz.com/560329/for-chinas-upper-middle-class-driving-for-uber-is-a-cure-for-loneliness/}
}
@misc{gigEconomyIndex2017,
  title              = {The online gig economy grew 26\% over the past year},
  author             = {Vili Lehdonvirta},
  month              = {7},
  year               = {2017},
  url                = {http://ilabour.oii.ox.ac.uk/the-online-gig-economy-grew-26-over-the-past-year/}
}
@inproceedings{Valentine:2017:FOC:3025453.3025811,
 author              = {Valentine, Melissa A. and
                        Retelny, Daniela and
                        To, Alexandra and
                        Rahmati, Negar and
                        Doshi, Tulsee and
                        Bernstein, Michael S.},
 title               = {Flash Organizations: Crowdsourcing Complex Work by Structuring Crowds As Organizations},
 booktitle           = {Proceedings of the 2017 CHI Conference on Human Factors in Computing Systems},
 series              = {CHI '17},
 year                = {2017},
 isbn                = {978-1-4503-4655-9},
 location            = {Denver, Colorado, USA},
 pages               = {3523--3537},
 numpages            = {15},
 url                 = {http://doi.acm.org/10.1145/3025453.3025811},
 doi                 = {10.1145/3025453.3025811},
 acmid               = {3025811},
 publisher           = {ACM},
 address             = {New York, NY, USA},
 keywords            = {crowdsourcing, expert crowd work, flash organizations},
} 

@inproceedings{McMillan:2013:CEG:2470654.2466245,
 author              = {McMillan, Donald and Morrison, Alistair and Chalmers, Matthew},
 title               = {Categorised Ethical Guidelines for Large Scale Mobile HCI},
 booktitle           = {Proceedings of the SIGCHI Conference on Human Factors in Computing Systems},
 series              = {CHI '13},
 year                = {2013},
 isbn                = {978-1-4503-1899-0},
 location            = {Paris, France},
 pages               = {1853--1862},
 numpages            = {10},
 url                 = {http://doi.acm.org/10.1145/2470654.2466245},
 doi                 = {10.1145/2470654.2466245},
 acmid               = {2466245},
 publisher           = {ACM},
 address             = {New York, NY, USA},
 keywords            = {app stores, ethics, large-scale trials, mass participation},
}
@article{craig1958hiring,
  title={Hiring Hall Arrangements and Practices},
  author={Craig, Harry H},
  journal={Lab. LJ},
  volume={9},
  pages={939},
  year={1958},
  publisher={HeinOnline}
}
@misc{goldberg1956shape,
  title={Shape-up and Hiring Hall},
  author={Goldberg, Joseph P},
  year={1956},
  publisher={SAGE Publications Sage CA: Los Angeles, CA}
}
@article{stevenson2009studies,
  title={Studies of labor market intermediation},
  author={Stevenson, Betsey},
  year={2009}
}
@article{buhrmester2011amazon,
  title={Amazon's Mechanical Turk: A new source of inexpensive, yet high-quality, data?},
  author={Buhrmester, Michael and Kwang, Tracy and Gosling, Samuel D},
  journal={Perspectives on psychological science},
  volume={6},
  number={1},
  pages={3--5},
  year={2011},
  publisher={Sage Publications Sage CA: Los Angeles, CA}
}
@Article{Mason2012,
author="Mason, Winter
and Suri, Siddharth",
title="Conducting behavioral research on Amazon's Mechanical Turk",
journal="Behavior Research Methods",
year="2012",
month="Mar",
day="01",
volume="44",
number="1",
issn="1554-3528",
doi="10.3758/s13428-011-0124-6",
url="https://doi.org/10.3758/s13428-011-0124-6"
}


@article {BDM:BDM1753,
author = {Goodman, Joseph K. and Cryder, Cynthia E. and Cheema, Amar},
title = {Data Collection in a Flat World: The Strengths and Weaknesses of Mechanical Turk Samples},
journal = {Journal of Behavioral Decision Making},
volume = {26},
number = {3},
issn = {1099-0771},
url = {http://dx.doi.org/10.1002/bdm.1753},
doi = {10.1002/bdm.1753},
pages = {213--224},
keywords = {research methods, surveys, sampling, online research, external validity},
year = {2013},
}

@article{ipeirotis2010analyzing,
  title={Analyzing the amazon mechanical turk marketplace},
  author={Ipeirotis, Panagiotis G},
  journal={XRDS: Crossroads, The ACM Magazine for Students},
  volume={17},
  number={2},
  pages={16--21},
  year={2010},
  publisher={ACM}
}
@article{zheng2011task,
  title={Task design, motivation, and participation in crowdsourcing contests},
  author={Zheng, Haichao and Li, Dahui and Hou, Wenhua},
  journal={International Journal of Electronic Commerce},
  volume={15},
  number={4},
  pages={57--88},
  year={2011},
  publisher={Taylor \& Francis}
}
@inproceedings{ma2015exiting,
  title={Exiting the Design Studio: Leveraging Online Participants for Early-Stage Design Feedback},
  author={Ma, Xiaojuan and Yu, Li and Forlizzi, Jodi L and Dow, Steven P},
  booktitle={Proceedings of the 18th ACM Conference on Computer Supported Cooperative Work \& Social Computing},
  pages={676--685},
  year={2015},
  organization={ACM}
}